4222 6106
905 497 949 506 -
995 462 1124 525 xxvl
1170 501 1212 510 —

190 681 412 764 principibus
428 683 531 765 large
547 685 847 767 concedebantur,
862 699 937 749 tum
953 707 997 749 ea
1012 707 1050 749 re
1065 691 1321 770 augescebant,
1344 693 1441 771 quod
1456 691 1607 774 singulis
1622 694 1845 757 monasteriis
1862 696 1928 758 viri

190 836 392 906 praeerant,
415 825 476 905 qui
500 823 619 886 animo
641 826 856 887 sanctissimi
878 828 992 907 patris
1015 827 1153 908 perfusi
1175 842 1212 891 et
1234 829 1439 892 muneribus
1461 831 1535 892 suis
1557 831 1786 914 integerrime
1800 832 1928 916 funge-

190 964 323 1026 bantur
345 973 382 1025 et
402 960 522 1025 officia
549 962 698 1025 fratrum
729 965 913 1046 sapienter
939 968 1191 1048 disponebant.
1227 968 1336 1030 Tales
1364 968 1508 1031 fuerunt
1529 970 1732 1033 Fridericus
1755 974 1801 1034 de
1823 973 1927 1055 Aich,

190 1104 248 1185 qui
274 1103 490 1166 monasterio
506 1122 534 1164 s.
552 1103 703 1185 Agapiti
719 1102 976 1167 Cremifanensi
999 1107 1081 1186 plus
1096 1118 1179 1169 octo
1197 1109 1310 1170 lustra
1325 1111 1564 1189 (ωδ-1325)
1579 1109 1735 1190 praefuit
1750 1112 1928 1175 subditos-

190 1263 260 1325 que
284 1243 496 1324 disciplinae
519 1243 676 1325 regulari
698 1243 894 1306 assuefecit
908 1255 942 1323 ξι.
981 1245 1117 1308 Eodem
1144 1246 1263 1308 animo
1289 1247 1448 1309 imbutus
1469 1259 1547 1309 erat
1568 1247 1772 1311 Fridericus
1794 1250 1839 1314 11.
1868 1250 1928 1331 qui

190 1384 223 1445 ei
247 1383 432 1446 successit.
477 1381 546 1443 His
575 1383 709 1444 similes
732 1396 815 1446 sunt
837 1383 1056 1465 Rudolphus
1086 1388 1325 1467 (1261-1290)
1355 1396 1393 1448 et
1424 1384 1661 1449 Gundacarus
1689 1390 1927 1469 (1318-1324)

189 1520 529 1599 Seitenstadienses,
557 1521 619 1602 qui
645 1522 783 1583 animos
813 1542 884 1584 non
914 1524 1029 1584 solnm
1058 1524 1105 1584 ad
1135 1524 1252 1606 legem
1282 1536 1442 1586 sanctam
1473 1525 1541 1587 rite
1572 1526 1832 1589 observandam
1863 1529 1927 1589 sed

189 1662 297 1724 etiam
313 1663 360 1724 ad
377 1680 486 1744 agros
501 1662 672 1723 colendos
687 1672 941 1723 converterunt
953 1664 989 1740 ²).
1019 1661 1153 1723 Melicii
1167 1663 1235 1724 hoc
1250 1674 1410 1743 ternpore
1426 1662 1926 1746 UdalricusH.(1306—1324)

188 1822 298 1884 super
320 1812 461 1864 ceteros
484 1802 664 1864 excelluit.
703 1800 782 1880 Hic,
805 1820 886 1862 cum
908 1801 1047 1863 nobiles
1063 1801 1245 1863 Austriaci
1260 1821 1377 1864 rerum
1393 1822 1564 1865 novarum
1580 1804 1701 1886 cupidi
1717 1805 1927 1867 seditionem

188 1942 400 2023 excitarent,
424 1961 568 2022 semper
590 1961 670 2003 cum
685 1941 848 2023 principe
863 1940 1025 2022 legitimo
1039 1940 1124 2002 fecit
1148 1953 1185 2002 et
1204 1942 1395 2022 seditiosis,
1419 1943 1480 2024 qui
1503 1945 1755 2007 monasterium
1771 1945 1928 2027 praediis

187 2083 265 2145 eius
288 2082 440 2146 vastatis
464 2081 693 2161 obsidebant,
723 2080 865 2143 fortiter
894 2081 1026 2143 restitit
1038 2083 1075 2160 ³).
1112 2082 1239 2162 Neque
1266 2080 1386 2145 Scotis
1408 2081 1442 2140 V
1444 2080 1747 2144 indobonensibus
1777 2086 1928 2146 abbates

189 2222 328 2306 egregii
358 2222 559 2286 defuerunt.
593 2221 634 2283 In
658 2220 787 2302 quibus
810 2218 1005 2300 praecipue
1031 2219 1267 2281 nominandus
1294 2229 1350 2281 est
1373 2216 1583 2281 Guilielmus
1605 2221 1649 2282 Π.
1677 2222 1926 2303 (1286—1309),

188 2363 249 2445 qui
272 2373 422 2445 propter
445 2362 618 2444 pietatem
641 2372 678 2422 et
700 2360 857 2422 studium
879 2359 1080 2440 principum
1103 2358 1452 2440 Habsburgensium,
1483 2360 1529 2420 ad
1558 2378 1647 2440 quos
1675 2364 1753 2421 1282
1778 2380 1926 2442 regnum

188 2503 420 2566 Austriacum
440 2503 599 2565 delatum
614 2509 702 2578 erat,
725 2499 880 2560 omnium
900 2497 1104 2559 uoluntates
1126 2496 1195 2558 sibi
1219 2496 1433 2560 conciliaiit.
1471 2497 1524 2558 Eo
1540 2498 1773 2577 deprecatore
1789 2499 1927 2561 civibus

186 2643 538 2722 Vindobonensibus,
563 2640 623 2723 qui
647 2638 823 2701 seditione
839 2646 967 2719 parata
981 2637 1028 2697 ab
1044 2635 1256 2698 Albrechtio
1271 2636 1298 2697 Ι.
1320 2636 1484 2716 oppressi
1501 2645 1611 2716 erant,
1635 2636 1729 2699 iusta
1745 2647 1782 2699 et
1796 2640 1927 2700 acerba

186 2804 305 2866 poena
337 2784 540 2847 condonata
571 2788 627 2841 est
641 2780 676 2858 ⁴).
722 2775 894 2840 Similiter
927 2774 1013 2837 clari
1047 2784 1150 2836 erant
1181 2773 1367 2837 Conradus
1398 2773 1653 2837 Lambacensis
1688 2777 1926 2856 (1286-1291)

186 2933 324 2986 amator
358 2922 509 2986 fratrum
544 2915 816 3002 cognominatus
830 2916 872 2995 ⁵),
908 2912 1130 2976 Christianus
1160 2912 1456 2992 Lunaelacensis‚
1487 2913 1517 2974 F
1518 2912 1690 2975 ridericus
1721 2912 1927 2977 Garstensis

186 3061 439 3146 (1201—1282).
486 3058 602 3122 Etiam
633 3053 848 3120 monasterio
880 3074 907 3114 s.
931 3052 1031 3114 Petri
1055 3050 1320 3133 Salisburgensi
1352 3051 1518 3133 egregios
1549 3050 1746 3132 praefuisse
1775 3054 1927 3115 abbates

185 3223 231 3265 ex
255 3222 299 3266 eo
323 3202 451 3282 elucet,
477 3199 573 3280 quod
597 3207 681 3260 tunc
705 3192 899 3276 praecipue
922 3190 1136 3261 bonafama
1159 3192 1336 3252 utebatur.
1375 3190 1545 3272 Magnam
1575 3209 1660 3252 vero
1689 3191 1831 3252 laudem
1859 3191 1927 3252 sibi

185 3343 314 3406 meruit
338 3341 544 3405 Dietmarus
567 3337 611 3400 ΙΙ.
637 3333 876 3416 (1270-1288)
900 3341 1009 3395 antea
1032 3333 1146 3393 abbas
1162 3329 1458 3409 Millstadtiensis‚
1483 3328 1542 3409 qui
1566 3348 1636 3390 non
1658 3329 1772 3390 solum
1795 3337 1927 3391 statum

186 3480 393 3546 monasterii
418 3479 453 3543 in
476 3479 625 3542 formam
648 3472 830 3537 meliorem
853 3470 1006 3553 redegit,
1038 3471 1102 3531 sed
1127 3468 1235 3531 etiam
1259 3467 1410 3531 comitiis
1434 3466 1568 3528 ordinis
1595 3471 1674 3545 1275
1705 3465 1835 3528 habitis
1863 3467 1926 3528 vir-

185 3633 297 3688 tutem
322 3619 574 3685 monachorum
599 3613 708 3677 totius
731 3609 938 3693 provinciae
962 3608 1063 3671 auxit
1080 3615 1116 3670 et
1131 3605 1315 3687 ornavit0).
1346 3607 1444 3668 Inter
1459 3606 1611 3667 abbates
1633 3605 1836 3667 monasterii
1853 3605 1928 3667 Ad-

185 3759 383 3827 montensis
402 3755 577 3821 llcnrieus
596 3752 638 3817 ll.
656 3753 666 3834 (
674 3749 897 3830 1275—1297)
915 3758 952 3812 et
965 3747 1207 3830 Engelbertus
1224 3745 1474 3827 (1297-1327),
1499 3744 1711 3807 auctoritate
1727 3763 1797 3806 non
1813 3743 1928 3806 minus

185 3920 290 3985 quum
316 3895 478 3962 doctrina
503 3893 631 3972 clarus,
656 3890 813 3954 eminent
828 3889 862 3969 ⁷).
902 3885 1016 3951 Simili
1043 3887 1150 3948 laude
1174 3884 1273 3967 digni
1297 3895 1380 3945 sunt
1403 3882 1605 3945 Fridericus
1630 3883 1868 3964 (1288-1306)
1892 3891 1929 3944 et

185 4040 347 4104 (lrtoll'us
372 4032 613 4120 (illio-1341)
638 4030 790 4093 abbates
814 4026 1034 4091 Lambertini
1048 4026 1083 4107 ⁸).
1123 4026 1163 4088 In
1180 4023 1362 4087 Carinthia
1385 4021 1555 4102 imprimis
1578 4021 1790 4083 monasterio
1808 4020 1929 4085 Ossia-

185 4180 281 4247 ‹tnnsi
308 4189 343 4244 ot
368 4171 607 4259 Sittuinulunsi
633 4167 793 4253 insignes
817 4167 970 4230 abbates
993 4164 1235 4248 praefuerunt.
1274 4162 1328 4225 Ibi
1357 4164 1484 4224 beatus
1508 4160 1703 4222 Wemerus
1726 4159 1788 4222 III.
1818 4160 1928 4241 (1300)

185 4318 354 4387 iratribus
381 4314 476 4380 vitun
501 4310 693 4377 sanctitate
717 4305 897 4392 praeluxit
911 4306 945 4386 0).
986 4304 1054 4368 Hic
1078 4302 1286 4366 Gerhardus
1309 4302 1353 4363 de
1377 4299 1550 4362 Ennsthal
1574 4298 1812 4380 (1258-1275)
1829 4306 1929 4361 tanta

319 4534 337 4611 ¹)
367 4526 601 4605 lietwnpnulwr,
627 4523 733 4581 nium.
759 4518 881 4578 l‘reruil.

317 4646 338 4725 ⁴)
363 4642 561 4703 ‘l'nlmlntiuut
586 4634 857 4695 Scitcustudicuse.

322 4766 339 4837 ¹)
366 4754 553 4831 fictilium-r.
579 4749 765 4809 (iret-liiclitc
790 4764 850 4804 uun
874 4743 965 4808 llclk,
990 4744 1012 4799 1.

318 4880 338 4952 ἱ)
366 4869 528 4932 lltiinwirt.
555 4864 739 4923 (ir-scliiclur
764 4859 818 4918 dec
842 4853 1096 4915 Scliutten·.⁶lbtei
1121 4855 1150 4911 in
1175 4851 1273 4908 ll'ien.

315 4995 337 5066 a.)
363 4981 550 5047 lwlnulmlur.
575 4979 749 5037 l'lunuicuu
775 4970 993 5033 launbncrnse.

315 5102 338 5181 ¹¹)
364 5099 538 5158 ‘'liiuulron
565 5092 759 5152 'tutissimum
784 5108 807 5145 s.
835 5085 924 5144 l‘eui.

318 5222 338 5294 ¹)
366 5212 520 5276 chluuu.
548 5207 687 5269 allinunt.
715 5203 750 5261 11.

315 5330 337 5407 ”)
365 5328 471 5387 slllnuu
500 5319 735 5382 lnunlwrliuuru.

314 5452 337 5521 ¹¹)
366 5440 510 5503 ll'ullmn.
539 5436 641 5495 nunu
667 5430 840 5490 millesimus
864 5421 1066 5481 (balmensis.
