4252 6112
925 439 1207 507 -118-

194 642 333 722 accidit,
354 640 448 704 utin
474 639 562 722 ipsis
585 640 686 703 annis
707 660 783 720 1771
811 651 848 704 et
875 661 953 721 1772
977 645 1023 705 ob

193 783 355 826 annonae
386 763 570 826 caritatem
600 762 723 844 fruges
753 763 894 827 insolito
926 785 1023 846 pror-

193 907 253 950 sus
268 887 384 971 pretio
400 894 614 967 constarent,
637 895 673 948 et
693 886 845 966 operarii
866 896 919 950 tot
934 907 1023 949 mer·

194 1010 318 1071 cedem
355 1007 459 1069 solito
495 1007 663 1070 maiorem
698 1008 789 1070 iuste
827 1009 1022 1091 exigerent.

194 1129 295 1211 Quae
312 1140 430 1192 tamen
447 1129 563 1191 omnia
585 1130 738 1192 animum
759 1131 901 1194 abbatis
923 1132 1022 1193 mini-

193 1272 249 1314 me
273 1253 491 1333 deiecerunt,
517 1252 601 1333 quin
624 1271 799 1334 generoso
825 1273 912 1315 ausu
936 1262 1022 1316 tem-

193 1376 290 1456 plum
307 1374 394 1436 satis
411 1376 566 1456 amplum
584 1384 620 1436 et
634 1383 825 1457 augustum
842 1377 888 1438 ad
904 1395 1022 1438 exem-

193 1498 271 1579 plar
287 1497 422 1560 Mariae
439 1498 532 1559 della
548 1498 700 1559 rotunda
716 1497 856 1560 Romae
873 1518 919 1560 ex
934 1499 1022 1580 lapi-

194 1621 297 1683 dibus
317 1619 461 1700 quadris
478 1620 555 1681 Deo
576 1628 760 1682 exstruere
777 1620 920 1702 incepit.
942 1619 1021 1701 Quo

193 1762 278 1805 vero
302 1742 391 1805 tanti
412 1742 530 1823 operis
553 1743 724 1822 templum
748 1741 842 1804 intus
865 1741 1021 1824 forisque

193 1865 286 1928 omni
308 1884 353 1926 ex
369 1872 471 1945 parte
492 1864 657 1925 redderet
678 1864 889 1945 absolutum,
910 1864 1022 1926 archi-

193 1997 307 2051 tectos
324 1996 361 2049 et
376 1984 530 2048 artifices
546 1985 699 2047 maxime
716 1986 874 2048 celebres
891 2005 1021 2068 magno

193 2109 311 2192 pretio
328 2109 508 2190 conduxit,
530 2108 565 2169 in
582 2108 703 2189 primis
720 2109 895 2171 consuluit
910 2110 1020 2171 archi·

193 2240 325 2294 tectum
349 2229 524 2292 Gallicum
540 2231 698 2312 Dynard,
720 2229 780 2310 qui
800 2240 955 2312 ectypon
976 2232 1021 2291 ab

193 2353 377 2416 academia
392 2352 618 2415 scientiarum
629 2352 821 2415 Parisiensi
838 2353 1021 2416 diiudicari

193 2486 230 2539 et
246 2475 437 2558 approbari
454 2475 600 2556 curavit,
619 2485 655 2538 et
670 2475 765 2538 illum
778 2476 941 2539 electoris
953 2474 1021 2536 Pa-

1102 641 1189 703 sime
1214 641 1384 718 distabat:
1414 661 1459 702 ex
1481 652 1599 703 mente
1624 641 1765 703 abbatis
1788 640 1936 702 Martini

1101 763 1140 824 P.
1169 763 1389 825 Aemilianus
1417 763 1636 826 Ussermann
1663 783 1727 843 pro
1755 763 1935 825 Blasianis

1102 905 1232 948 novum
1256 886 1469 948 breviarium
1493 886 1648 949 scribere
1671 886 1832 948 intendit.
1858 885 1933 967 Op·

1101 1017 1252 1088 portune
1261 1017 1380 1071 autem
1389 1008 1550 1089 innotuit,
1564 1029 1585 1070 a
1594 1007 1838 1070 Benedictinis
1852 1027 1936 1070 con-

1100 1131 1319 1213 gregationis
1331 1150 1377 1193 ss.
1385 1131 1507 1194 Vitoni
1523 1141 1559 1193 et
1567 1131 1739 1211 Hidulphi
1752 1130 1788 1192 in
1801 1130 1933 1193 Lotha-

1100 1253 1215 1335 ringia
1223 1272 1353 1315 novum
1361 1253 1574 1316 breviarium
1585 1253 1818 1315 monasticum
1830 1253 1934 1315 iuxta

1101 1375 1260 1456 regulam
1280 1394 1307 1437 s.
1324 1374 1511 1437 Benedicti
1532 1395 1574 1437 ac
1594 1375 1737 1436 missale
1754 1375 1934 1437 breviario

1101 1498 1409 1559 adcommodatum
1437 1497 1571 1559 Nancei
1598 1517 1691 1559 anno
1722 1516 1801 1576 1777
1834 1496 1933 1579 typis

1102 1638 1180 1680 esse
1197 1637 1376 1700 excusum,
1393 1620 1487 1701 quod
1501 1640 1565 1681 sua
1578 1640 1657 1681 cum
1671 1629 1794 1682 sancta
1806 1620 1933 1702 regula

1102 1739 1346 1804 conformitate
1356 1751 1392 1803 et
1400 1741 1600 1823 argumenti
1609 1742 1828 1823 praestantia
1839 1743 1932 1804 adeo

1102 1881 1140 1924 se
1157 1862 1318 1924 omnibus
1335 1864 1604 1944 commendavit,
1623 1872 1662 1925 ut
1678 1865 1790 1925 abbas
1808 1863 1932 1926 Marti-

1101 2004 1166 2046 nus
1190 2004 1269 2046 cum
1293 1985 1437 2065 capituli
1460 1985 1516 2047 die
1543 1989 1571 2047 ὁ.
1594 1983 1693 2065 Sept.
1719 1958 1932 2067 congregati

1102 2124 1275 2168 consensu
1299 2106 1385 2168 illud
1411 2116 1597 2187 utrumque
1618 2126 1682 2188 pro
1709 2108 1815 2169 choro
1831 2105 1932 2205 'San-

1101 2226 1268 2290 Blasiano
1279 2236 1315 2290 et
1327 2226 1443 2290 officio
1453 2228 1573 2290 divino
1587 2229 1665 2308 ipso
1677 2248 1769 2290 anno
1783 2248 1863 2307 1777
1875 2248 1934 2290 su-

1101 2350 1265 2431 sceperit.
1279 2350 1330 2413 At
1338 2349 1586 2430 antiphonaria
1595 2360 1631 2412 et
1641 2350 1749 2412 ceteri
1758 2350 1839 2412 libri
1849 2352 1933 2412 cho·

1100 2472 1203 2553 raleS,
1221 2473 1279 2552 qui
1297 2492 1409 2554 usque
1422 2475 1468 2535 ad
1481 2473 1516 2534 id
1529 2483 1670 2554 tempus
1687 2473 1722 2534 in
1734 2492 1801 2534 usu
1817 2484 1931 2555 erant,

192 2597 291 2660 latini
308 2597 342 2659 in
359 2596 548 2659 Manheim.
572 2597 619 2659 Et
634 2597 813 2660 indefessa
829 2618 912 2660 cura
927 2597 1021 2678 prin·
1059 2570 1062 2639 l
1101 2614 1192 2656 novo
1201 2595 1377 2657 breviario
1390 2615 1459 2657 non
1469 2596 1739 2677 conveniebant,
1750 2615 1860 2676 quare
1869 2598 1934 2658 ab·

193 2720 282 2801 cipis
305 2719 463 2800 abbatis,
491 2719 550 2800 qui
573 2719 647 2781 fere
672 2720 829 2800 quotidie
851 2738 1021 2800 praesens
1059 2759 1062 2797 2
1099 2717 1165 2778 bas
1177 2716 1388 2779 P.Frowin0
1401 2716 1542 2779 Linder
1553 2718 1703 2779 musices
1716 2718 1802 2779 satis
1815 2719 1934 2797 perito

192 2841 346 2905 artifices
368 2850 403 2904 et
424 2841 605 2923 operarios
626 2843 672 2903 ad
695 2841 914 2923 diligentiam
937 2841 1022 2902 inci-

194 2965 305 3044 tabat,
323 2961 488 3025 effectum
504 2971 568 3044 est,
585 2972 624 3026 ut
639 2982 732 3025 anno
753 2967 831 3041 1783
850 2964 1020 3044 templum

193 3094 349 3147 erectum
365 3093 537 3147 exstaret:
555 3094 591 3147 et
606 3084 789 3147 infandum
801 3084 970 3166 gaudium
985 3094 1022 3146 et

192 3207 318 3289 ingens
335 3207 520 3269 admiratio
537 3226 659 3269 omnes
674 3207 828 3288 incessit,
851 3207 911 3288 qui
934 3217 1021 3269 tem·

192 3329 288 3411 plum
304 3329 370 3390 hoc
387 3329 549 3391 omnibus
572 3329 725 3391 numeris
747 3329 947 3392 absolutum
969 3329 1020 3391 in·

192 3460 401 3533 spexerunt,
427 3451 536 3531 quod,
564 3451 639 3512 sine
663 3451 733 3512 ullo
761 3451 940 3514 adscititio
966 3470 1020 3512 or-

191 3582 375 3654 nament0,
409 3574 483 3634 sola
514 3572 742 3654 simplicitate
770 3583 806 3635 et
834 3572 1020 3635 maiestate

192 3714 256 3756 sua
273 3695 408 3756 animos
424 3694 633 3757 intuentium
650 3713 843 3775 suspensos
864 3695 1019 3756 tenebat.

193 3817 390 3897 (Templum
411 3818 487 3896 hoc,
509 3835 587 3877 cum
608 3814 726 3877 multis
748 3814 917 3878 aedificiis
939 3815 1020 3877 olim

192 3937 395 3999 monasterii
416 3936 473 3998 die
495 3955 522 4015 7.
540 3936 643 4000 Febr.
666 3941 745 4015 1874
764 3936 839 3998 diro
857 3936 1020 3998 incendio

192 4061 431 4139 devastatum,
459 4079 552 4121 anno
585 4063 663 4137 1879
691 4059 876 4139 imperium
905 4060 1021 4120 denuo

192 4177 411 4241 reaedificari
428 4179 587 4260 curavit.)

278 4300 401 4382 Usque
413 4302 481 4362 huc
495 4301 652 4362 Blasiani
665 4301 719 4361 usi
733 4311 833 4363 erant
845 4301 1022 4363 breviario

193 4423 442 4505 Einsiedlensi,
472 4425 566 4504 quod
595 4423 749 4485 cuiusvis
771 4423 845 4485 fere
869 4423 1021 4486 nationis

191 4545 292 4608 festis
316 4548 406 4608 adeo
430 4545 597 4608 refertum
618 4554 653 4608 et
673 4556 815 4608 auctum
837 4556 913 4608 erat
935 4545 1021 4627 ipsis

191 4687 332 4750 quoque
349 4668 474 4730 diebus
491 4667 684 4749 dominicis,
701 4678 740 4730 ut
756 4667 824 4730 illis
840 4668 1020 4729 celebran-

192 4791 245 4854 dis
262 4790 324 4853 vix
340 4790 449 4853 totius
465 4790 547 4852 anni
565 4790 640 4852 dies
662 4789 879 4864 sufficerent;
900 4792 1020 4854 lectio·

190 4933 254 4976 nes
275 4913 447 4976 festorum
469 4932 540 4976 non
562 4932 641 4975 raro
662 4913 901 4995 continebant,
928 4934 1019 4995 quae

191 5054 256 5097 nec
269 5035 439 5116 pietatem
452 5034 634 5116 fovebant,
647 5054 713 5097 nec
722 5036 768 5096 ad
778 5035 917 5098 criteria
928 5036 1019 5098 veri-

191 5156 274 5218 tatis
288 5156 477 5219 historicae
494 5167 622 5219 exacta
638 5167 748 5239 erant,
766 5165 801 5219 et
814 5158 904 5220 ratio
915 5159 1019 5220 huius
1049 5217 1054 5229 ,

191 5276 300 5338 divini
316 5275 421 5340 officii
438 5281 483 5340 ab
500 5279 569 5360 illo,
594 5280 688 5360 quod
704 5299 730 5341 s.
748 5279 966 5343 Benedictus
982 5280 1018 5342 in

190 5417 255 5459 sua
278 5400 401 5480 regula
423 5400 591 5463 adcurate
616 5401 861 5484 praescripsit,
885 5401 1017 5484 longis·

1101 2839 1283 2920 commisit,
1301 2849 1340 2901 ut
1351 2840 1512 2902 modulos
1524 2859 1588 2920 pro
1600 2841 1750 2923 hymnis,
1767 2840 1935 2921 antipho-

1100 2960 1154 3023 nis
1181 2971 1217 3023 et
1241 2961 1475 3042 responsoriis
1505 2980 1610 3043 atque
1634 2963 1809 3044 omnibus,
1837 2983 1934 3044 quae

1099 3083 1199 3145 iuxta
1208 3083 1291 3146 novi
1300 3084 1467 3146 breviarii
1475 3082 1624 3146 formam
1632 3086 1809 3146 cantanda
1819 3095 1935 3165 erant,

1100 3214 1342 3286 componeret,
1366 3206 1426 3286 qui
1450 3206 1529 3268 libri
1550 3207 1709 3267 chorales
1732 3206 1813 3267 dein
1833 3206 1935 3287 typis

1099 3327 1251 3408 propriis
1272 3327 1382 3389 nitide
1404 3336 1440 3389 et
1460 3337 1617 3389 correcte
1638 3328 1760 3389 excusi
1784 3329 1935 3390 multam

1100 3448 1326 3510 cantantibus
1342 3449 1540 3528 praebuere
1556 3448 1772 3511 facilitatem.
1790 3449 1936 3513 Placuit

1101 3570 1207 3632 etiam
1228 3571 1457 3633 devotissimo
1477 3571 1600 3633 abbati
1621 3580 1777 3632 statuere
1802 3580 1841 3633 ut
1865 3590 1935 3652 pro

1100 3693 1300 3755 reverentia
1316 3694 1487 3755 tremendi
1504 3693 1663 3775 mysterii
1679 3694 1714 3755 in
1727 3694 1834 3755 missa
1848 3713 1935 3757 con·

1100 3815 1258 3878 ventuali
1273 3825 1355 3878 ante
1372 3816 1606 3878 elevationem
1622 3835 1649 3877 s,
1666 3817 1803 3878 hostiae
1820 3826 1858 3879 et
1874 3837 1934 3880 ca·

1100 3938 1176 4000 licis
1196 3938 1312 4000 omnia
1333 3938 1566 4000 instrumenta
1586 3938 1730 4019 musica,
1753 3939 1860 4000 etiam
1876 3959 1934 4001 or·

1101 4080 1231 4142 ganum
1262 4080 1375 4140 usque
1412 4062 1458 4121 ad
1489 4061 1683 4122 orationem
1719 4061 1933 4124 dominicam
2008 4075 2010 4079 ’

1100 4181 1254 4262 silerent,
1270 4183 1389 4264 nilque
1406 4191 1489 4245 tunc
1507 4193 1718 4264 cantaretur,
1744 4183 1810 4245 nisi
1827 4184 1932 4245 trisa-

1100 4305 1184 4386 gion
1200 4304 1236 4366 in
1251 4304 1373 4386 lingua
1388 4306 1588 4386 vernacula,
1611 4315 1686 4369 aut:
1711 4304 1742 4368 O
1764 4307 1931 4369 salutaris

1099 4427 1216 4490 hostia
1232 4447 1253 4489 a
1269 4409 1419 4508 quatuor
1434 4428 1591 4491 vocibus.
1616 4429 1661 4490 Et
1677 4448 1755 4490 cum
1772 4429 1931 4510 religiosi

1100 4548 1257 4610 Blasiani
1270 4550 1357 4611 satis
1371 4551 1703 4632 animadverterent,
1721 4551 1855 4631 optimo
1867 4553 1931 4613 ab·

1099 4669 1174 4733 bati
1204 4671 1394 4733 universim
1425 4673 1593 4734 musicam
1624 4672 1930 4734 instrumentalem

1099 4812 1163 4854 seu
1177 4790 1362 4875 figuralem
1380 4794 1414 4856 in
1432 4795 1582 4857 ecclesia
1602 4796 1742 4857 omnino
1763 4814 1833 4856 non
1854 4795 1931 4875 pla-

1100 4934 1189 4997 cere,
1214 4915 1456 4996 capitulariter
1477 4925 1686 4997 statuerunt,
1708 4924 1746 4978 ut
1768 4936 1810 4977 ea
1831 4916 1929 4978 dein·
2010 4932 2014 4937 ’

1099 5057 1184 5119 ceps
1196 5037 1339 5118 penitus
1352 5038 1582 5119 omitteretur,
1597 5046 1632 5100 et
1644 5048 1769 5100 cantus
1778 5037 1930 5099 choralis

1098 5157 1133 5220 in
1150 5158 1225 5220 eius
1245 5160 1360 5220 locum
1382 5161 1597 5223 succederet.
1623 5160 1668 5221 Et
1691 5159 1741 5221 ita
1765 5159 1846 5240 pius
1866 5160 1929 5221 ab·

1098 5282 1163 5341 bas
1179 5280 1295 5342 omnia
1313 5281 1473 5362 tentavit,
1495 5291 1534 5343 ut
1555 5282 1670 5344 cultus
1693 5268 1833 5343 divifius
1849 5281 1884 5344 in
1901 5302 1928 5343 s.

1097 5401 1217 5464 Blasio
1231 5402 1402 5483 pietatem
1418 5404 1603 5485 redoleret,
1625 5405 1671 5466 ad
1688 5403 1928 5468 sanctissimo·
1945 5394 1950 5401 ’
