4222 6106
669 487 949 556 -501-

71 686 82 730 1
104 674 181 748 1732
204 690 251 732 11.
268 670 357 734 Nov.
379 670 414 732 in
430 693 553 734 manus
570 672 766 754 praepositi

74 790 86 852 i
101 792 283 854 sollemnia
296 793 412 855 emisit
423 804 517 856 vota.
542 793 677 858 Studiis
690 795 765 876 phi·

71 912 129 974 icis
160 922 196 976 et
226 914 436 997 theologicis
467 917 640 979 absolutis
671 917 766 978 domi

71 1033 137 1095 otio
153 1034 322 1118 initiatur,
344 1057 390 1098 10.
408 1038 471 1099 Iul.
494 1057 574 1116 1740
593 1038 766 1119 primitias

71 1166 95 1216 11
111 1163 148 1218 et
163 1157 283 1219 statim
307 1159 534 1221 constituitur
556 1162 602 1222 ad
624 1170 765 1240 tempus

71 1296 113 1357 rs,
129 1276 340 1341 infirmarius
356 1288 392 1342 et
404 1280 608 1362 praefectus
626 1280 764 1344 culinae

71 1396 169 1460 finem
193 1411 365 1483 vergente
389 1422 481 1464 anno
504 1404 615 1465 hocce
638 1403 764 1465 biblio-

72 1539 114 1581 us
122 1568 131 1601 ‚
157 1522 251 1602 quod
276 1542 411 1604 munus,
433 1524 608 1586 interdum
625 1524 764 1587 concio·

77 1641 202 1703 diebus
226 1641 344 1724 festis,
368 1664 433 1724 per
458 1646 628 1707 tredecim
651 1667 763 1708 annos

93 1761 231 1843 Quibus
258 1764 294 1825 in
321 1765 475 1846 negotiis
503 1786 595 1828 anno
624 1771 702 1845 1753
728 1768 763 1830 in

71 1885 150 1946 :erio
177 1905 204 1949 s.
229 1886 372 1948 Ioannis
397 1890 463 1948 sub
487 1908 575 1970 rupe
598 1901 763 1953 versatus

71 2015 176 2069 totum
192 2017 260 2080 est;
283 2007 410 2071 litteris
433 2011 477 2070 de
502 2010 558 2072 die
583 2015 633 2074 25.
656 2012 761 2074 Mart.

83 2129 212 2191 citatus
222 2129 460 2192 Blevnovium
476 2134 542 2213 „ob
550 2132 762 2214 gravissima

71 2249 141 2312 :erii
153 2248 326 2332 Raigrad.
344 2253 488 2333 negotia
504 2274 542 2314 se
560 2253 762 2315 adfuturum

71 2371 139 2434 tit‘t
166 2370 476 2435 Verosimillimum
501 2382 570 2455 est,
595 2377 762 2438 abbatem

71 2492 237 2555 ›viensem
246 2513 292 2555 ex
301 2513 344 2555 eo
353 2504 446 2556 teste
455 2497 595 2557 oculato
606 2496 641 2558 in
654 2516 763 2559 causa

71 2613 344 2696 Raigradiensis
365 2617 538 2696 quaedam
562 2617 685 2679 audire
700 2638 762 2680 vo-

78 2736 185 2798 Anno
208 2737 372 2817 sequenti
400 2741 479 2816 1754
503 2758 624 2800 mense
644 2740 763 2820 Aprili

73 2857 169 2919 dium
200 2857 390 2919 remittitur
417 2857 568 2940 Cyrillus
599 2871 635 2921 et
666 2859 762 2940 prior

76 2978 290 3041 constitutus
306 2989 371 3060 est,
396 2989 434 3041 ut
458 2979 666 3060 disciplinae
691 2982 760 3043 col·

71 3109 152 3162 tunc
165 3099 421 3180 aliquantulum
430 3103 639 3164 mederetur.
656 3103 759 3164 Post-

71 3241 180 3302 ›raep
198 3221 420 3284 Aemilianus
444 3225 491 3284 ob
510 3223 620 3286 vitam
644 3225 759 3286 minus

71 3363 116 3405 1111
129 3351 201 3405 tam
213 3343 249 3404 in
261 3344 516 3425 temporalibus
526 3365 631 3425 quam
639 3346 674 3407 in
688 3347 758 3427 spi·

71 3484 117 3526 us
132 3484 327 3545 suspensus
343 3465 421 3546 fuit,
443 3466 595 3548 Cyrillus
612 3467 759 3529 admini-

75 3587 280 3649 monasterii
296 3597 351 3648 est
365 3589 577 3650 constitutus
595 3593 684 3670 1756,
698 3590 759 3670 qui

71 3709 210 3790 apedire
234 3728 304 3770 non
327 3719 485 3790 poterat,
515 3710 699 3790 quominus
723 3711 758 3772 in

81 3839 164 3892 tunc
181 3849 296 3891 rerum
314 3829 520 3893 confusione
537 3852 702 3913 agrorum
723 3842 759 3894 et

71 3971 112 4013 un
138 3970 222 4032 pars
249 3961 305 4012 sat
331 3971 478 4033 magna,
507 3952 607 4014 cuius
634 3953 757 4015 titulus

71 4073 166 4134 rionis
183 4092 300 4134 coram
318 4073 563 4135 commissione
583 4073 756 4137 rectifica-

71 4213 226 4255 meorum
235 4194 487 4256 declararinon
496 4205 647 4277 poterat,
657 4196 757 4257 amit·

71 4314 216 4376 Ultima
224 4315 310 4376 Maii
323 4319 402 4394 1756
411 4316 627 4378 neo-electus
635 4336 757 4398 praep.

71 4445 182 4498 entura
207 4436 305 4497 Piter
332 4436 524 4515 capitulum
553 4437 756 4519 celebravit,

71 4556 212 4639 Dyrillus
225 4565 345 4619 noster
358 4577 379 4619 a
391 4558 549 4638 prioratu
562 4559 756 4641 absolutus

71 4699 108 4742 m
123 4679 159 4741 in
172 4679 354 4742 Boemiam
371 4679 535 4761 dirigitur
550 4681 585 4742 in
603 4681 756 4762 exilium,

71 4821 89 4863 n
103 4800 251 4863 fratrum
267 4810 427 4881 tempore
444 4801 758 4864 administrationis

71 4922 156 4984 itum
192 4923 410 5003 plancturus.
449 4921 640 4986 Subsecuti
674 4933 757 4985 tunc

71 5063 86 5105 s
110 5053 146 5106 et
169 5052 322 5106 terrores
346 5043 536 5124 Borussici,
561 5045 606 5105 de
630 5044 757 5125 quibus

71 5166 190 5228 unensi
215 5185 307 5228 mon.
328 5164 435 5227 refert
457 5167 662 5245 praeposito
683 5185 757 5247 suo,

71 5288 142 5349 lde
159 5306 288 5369 magno
304 5286 397 5347 illius
414 5286 578 5348 asceterii
595 5285 758 5348 incendio

71 5409 182 5490 Aprili
204 5413 294 5489 1757,
319 5409 419 5470 cuius
442 5418 623 5489 spectator
643 5407 759 5470 fuerat

846 680 881 732 et
898 672 1010 735 testis
1035 673 1197 735 Aestatis
1214 685 1372 756 tempore
1394 679 1440 739 ad
1456 689 1606 759 penates
1621 701 1675 743 re-

845 811 970 854 versus
987 793 1063 854 dies
1080 814 1173 876 0103,
1194 795 1293 857 varie
1314 809 1518 881 occupatus,
1540 802 1675 881 praeci-

845 933 915 994 pue
932 915 1176 977 concionando
1193 927 1229 979 et
1242 918 1483 982 confessiones
1495 923 1674 986 audiendo

844 1038 1020 1116 usquead
1038 1056 1087 1115 72.
1106 1039 1235 1102 aetatis
1252 1060 1381 1102 annum
1399 1043 1585 1125 protraxit,
1603 1065 1674 1126 quo

845 1156 962 1218 senior
979 1159 1104 1220 domus
1121 1159 1288 1241 migravit
1311 1163 1356 1223 ad
1381 1163 1560 1226 dominum
1581 1186 1673 1228 anno

848 1281 926 1355 1782
954 1299 1001 1356 14.
1018 1280 1113 1361 Aug.
1138 1278 1262 1343 Sermo
1278 1282 1461 1363 hucusque
1478 1285 1513 1346 in
1530 1296 1671 1349 nostrae

844 1398 970 1459 domus
994 1399 1151 1482 historia,
1176 1401 1215 1464 P.
1233 1401 1402 1484 Cyrillum
1424 1404 1535 1467 fuisse
1559 1407 1672 1470 virum

843 1517 1049 1582 formavere
1058 1523 1225 1585 herculea
1238 1523 1342 1586 immo
1355 1524 1593 1609 imperatoria,
1606 1530 1673 1589 sub

844 1660 913 1721 qua
929 1660 1014 1704 vero
1035 1645 1239 1707 occultabat
1260 1655 1417 1709 ascetam
1439 1649 1671 1730 praeclarum,

842 1768 881 1822 ut
897 1773 1049 1844 apparet
1065 1784 1111 1826 ex
1127 1766 1295 1845 operibus
1312 1767 1388 1829 eius
1409 1768 1444 1830 in
1460 1788 1522 1832 ms
1539 1770 1672 1833 relictis

843 1891 879 1942 et
895 1885 990 1964 apud
1006 1904 1071 1946 nos
1088 1887 1301 1949 adservatis:

928 2027 951 2084 1.
975 2029 1127 2086 Institutio
1151 2031 1303 2106 religiosa,
1329 2033 1458 2106 qualiter
1481 2036 1599 2090 noviter
1620 2055 1672 2092 ve·

842 2130 928 2186 niens
950 2131 988 2187 ad
1010 2137 1239 2191 conversionem
1261 2154 1294 2191 se
1314 2155 1423 2209 gerere
1439 2136 1548 2194 debeat
1564 2157 1671 2196 secun·

842 2232 910 2288 dum
934 2236 1069 2309 regulam
1092 2257 1117 2293 s.
1134 2239 1166 2294 P.
1183 2240 1218 2295 N.
1241 2252 1272 2295 et
1291 2252 1404 2295 statuta
1425 2243 1671 2314 congregationis

841 2351 973 2395 nostrae.
996 2340 1071 2398 Cod.
1089 2360 1159 2417 pap.
1177 2344 1266 2399 Tom.
1284 2345 1306 2398 1.
1328 2345 1392 2399 sine
1409 2363 1478 2419 pag.
1496 2346 1525 2399 in
1542 2352 1584 2417 4⁰.
1607 2347 1671 2402 sine

842 2459 940 2517 comp.
957 2443 1033 2499 Msn.
1052 2460 1090 2517 45
1109 2441 1154 2523 (Ι).
1173 2445 1259 2520 Sign.
1275 2447 1352 2519 BjK.
1369 2447 1392 2502 I.
1411 2457 1439 2503 2.
1457 2464 1486 2519 4.

928 2564 965 2620 ΙΙ.
997 2565 1200 2640 Antiphonale
1234 2566 1457 2624 benedictinum
1492 2568 1671 2645 dispositum

842 2668 923 2724 iuxta
944 2666 1126 2725 breviarium
1152 2651 1324 2726 monasterii
1350 2689 1429 2728 mon.
1454 2691 1510 2747 pro
1533 2672 1671 2729 omnibus

841 2770 898 2827 sub
914 2773 1018 2847 regula
1034 2793 1059 2829 s.
1073 2775 1104 2830 P.
1119 2774 1270 2829 Benedicti
1284 2774 1492 2843 militantibus;
1507 2776 1601 2832 finivit
1613 2777 1671 2832 hoc

841 2875 1017 2950 opusculum
1035 2878 1066 2933 P.
1084 2867 1214 2951 Cyrillus
1231 2878 1368 2951 Wagner
1384 2880 1486 2934 senior
1502 2890 1669 2935 conventus

840 2996 918 3035 anno
938 2992 997 3036 aet.
1020 2978 1069 3036 68.
1091 2981 1192 3057 1778.
1216 2982 1289 3056 Pap.
1314 2981 1370 3037 Ms.
1394 2984 1422 3037 in
1441 2981 1491 3038 fol.
1509 3001 1578 3057 pag.
1596 2981 1669 3055 496.

839 3083 895 3138 No.
913 3080 972 3156 643
992 3086 1021 3139 in
1038 3084 1111 3141 eccl.
1130 3085 1252 3141 claustr.
1268 3085 1469 3142 adservatum.

926 3207 978 3262 111.
992 3206 1169 3262 Psalterium
1182 3206 1404 3262 Benedictinum
1418 3225 1473 3282 per
1485 3206 1576 3262 horas
1589 3205 1669 3262 diur-

838 3328 893 3366 nas
909 3310 1086 3385 dispositum
1103 3329 1121 3365 a
1134 3353 1141 3366 .
1156 3353 1162 3365 .
1177 3353 1184 3366 .
1202 3312 1322 3366 seniore
1340 3323 1506 3366 conventus
1518 3322 1576 3366 aet.
1590 3329 1669 3367 anno

841 3426 890 3487 70.
905 3433 1024 3472 conscr.
1046 3414 1135 3486 1780.
1152 3414 1226 3489 Pap.
1240 3415 1295 3470 Ms.
1309 3416 1365 3470 No.
1376 3412 1438 3486 646
1453 3414 1544 3471 111101.
1562 3414 1668 3490 Comp.

838 3538 903 3576 cor.
920 3519 993 3576 solia
1014 3532 1082 3590 113.
1100 3519 1133 3573 In
1149 3520 1284 3574 oratorio
1301 3517 1481 3593 depositum.

926 3655 1118 3718 Hortorum
1155 3655 1313 3716 culturae
1349 3662 1492 3734 praeter
1527 3662 1669 3716 caetera
1705 3636 1713 3651 ⁸

839 3796 1062 3857 summopere
1090 3776 1258 3838 studebat
1283 3773 1436 3855 Cyrillus
1460 3783 1598 3854 noster,
1622 3775 1669 3836 ob

840 3900 939 3962 cuius
955 3917 1110 3960 amorem
1126 3897 1278 3958 eundern
1294 3895 1448 3958 societas
1461 3896 1603 3975 privata
1617 3895 1669 3958 rei

838 4019 1051 4082 hortulariae
1075 4018 1218 4080 Brunae
1246 4017 1404 4079 existens
1432 4016 1579 4096 speciali
1609 4017 1668 4078 de·

839 4150 936 4204 creto
963 4139 1152 4222 legalizato
1180 4139 1272 4200 inter
1299 4157 1382 4199 suos
1408 4137 1567 4218 suscepit
1589 4157 1669 4199 curn

838 4262 1046 4344 praedicato
1061 4260 1209 4345 „nobilis
1222 4259 1452 4323 deTricolor“
1467 4279 1560 4321 anno
1577 4264 1668 4338 1768.

839 4384 1002 4468 Sigillum
1030 4385 1174 4445 decreto
1204 4401 1401 4464 appensum
1425 4381 1668 4463 circumscrip-

838 4507 970 4569 tionem
993 4505 1088 4568 circa
1108 4502 1259 4585 figuram
1280 4503 1407 4565 Florae
1432 4502 1589 4565 sedentis
1613 4521 1667 4564 se-

838 4637 1005 4710 quentem
1016 4628 1139 4688 habet:
1152 4623 1334 4707 „Sigillum
1343 4623 1665 4704 lariophilistarum,

837 4752 905 4812 hoc
920 4748 1007 4810 flore
1025 4747 1111 4809 nihil
1127 4743 1336 4826 pulchrius“

923 4914 1116 5007 Wagner
1145 4919 1425 4983 Laurentius
1455 4920 1665 5001 Iosephus

838 5045 898 5126 (de
920 5063 947 5104 s.
964 5042 1105 5103 Monte
1121 5039 1385 5119 Pannoniae),
1411 5056 1437 5099 S.
1462 5037 1666 5119 theologiae

837 5164 1050 5245 licentiatus
1077 5161 1289 5224 secretarius
1310 5160 1356 5223 ill.
1379 5179 1420 5221 ac
1441 5178 1513 5222 rev.
1536 5159 1667 5223 domini

838 5284 1096 5365 archiabbatiS‚
1128 5282 1295 5365 Sopronii
1326 5281 1484 5343 eiusdem
1515 5299 1602 5343 com.
1631 5279 1666 5343 iu

838 5405 1024 5488 Hungaria
1048 5405 1104 5467 die
1131 5427 1156 5467 1.
1172 5403 1276 5466 Mart.
1299 5408 1375 5481 1841
1403 5411 1518 5483 natus,
1542 5401 1667 5464 habitu
