4222 6106
935 515 1165 589 „7-

186 694 230 765 Fr.
254 703 300 763 de
320 700 468 782 Hurter,
497 701 588 763 inter
615 699 746 782 primos
773 700 904 762 amicos
936 699 1012 762 illu-

184 823 341 886 strissimi
354 822 540 903 Aristacis,
558 821 682 903 paucis
695 821 820 883 diebus
836 830 919 903 post
937 820 1012 882 obi-

185 956 254 1010 tum
274 945 351 1007 eius
370 945 553 1007 historiam
568 944 664 1006 vitae
685 944 843 1005 eiusdem
858 942 1012 1005 uberiori

183 1086 343 1131 sermone
359 1065 567 1148 perscripsit
583 1085 629 1127 ex
642 1065 862 1127 documentis
878 1064 1011 1127 archivi

182 1187 551 1252 Mechith.viennens.
567 1197 641 1250 tum
657 1207 704 1250 ex
720 1186 853 1249 notitiis
869 1185 1012 1249 dictatis

181 1330 205 1373 a
218 1310 416 1373 senioribus
435 1309 607 1390 patribus,
628 1309 781 1389 denique
801 1328 848 1371 ex
867 1307 1011 1388 notitiis,

182 1451 271 1514 quas
286 1432 364 1513 ipse
380 1431 505 1511 norat.)

268 1552 512 1637 Congregatio
529 1552 831 1615 Mechitharistica
852 1572 886 1631 17
909 1551 1011 1614 annis

183 1694 267 1737 suae
293 1674 507 1737 existentiae
538 1673 717 1755 Viennae,
744 1673 813 1735 Dei
842 1672 1011 1756 Omnipo-

186 1796 291 1861 tentis
311 1796 545 1876 miseratione,
570 1797 750 1878 multoque
765 1797 886 1859 labore
903 1805 939 1859 et
954 1816 1011 1859 su·

185 1920 269 1981 dore
289 1936 431 1979 suorum
451 1918 685 1979 membrorum
701 1918 872 2000 paulatim
892 1919 1010 1981 melio·

183 2060 256 2104 rem
268 2050 399 2102 sortem
412 2050 527 2120 nacta,
540 2039 609 2101 iam
619 2049 784 2121 potuerat
798 2041 964 2103 maiorem
976 2040 1011 2102 in

185 2163 260 2225 dies
275 2181 458 2225 numerum
473 2162 692 2224 alumnorum
707 2163 899 2245 suscipere,
917 2163 1012 2225 alere

186 2293 221 2347 et
242 2304 309 2365 pro
337 2284 616 2366 congregatione
644 2283 723 2365 ipsa
753 2286 914 2347 educare.
946 2285 1011 2366 Ita,

188 2416 225 2469 ut
253 2426 332 2468 curn
359 2405 613 2468 illustrissimus
641 2406 802 2468 dominus
829 2407 1013 2469 Aristaces

186 2548 277 2591 anno
303 2533 384 2590 1826
405 2547 507 2590 suum
529 2528 688 2610 regimen
711 2528 824 2611 iniret,
848 2548 1013 2591 numerus

188 2651 411 2761 sacerdotum
432 2649 605 2712 iuniorum
621 2652 666 2713 ad
688 2671 724 2730 ¹9
741 2651 923 2723 crevisset;
947 2671 1013 2713 nec

187 2771 297 2834 minor
320 2780 398 2834 erat
421 2790 587 2833 numerus
611 2772 817 2834 clericorum
842 2781 878 2835 et
905 2773 1014 2835 alum·

188 2912 319 2955 norum.
344 2893 408 2955 Ille
424 2893 508 2955 inde
523 2914 545 2955 a
565 2893 740 2975 principio
760 2894 814 2956 sui
834 2894 1014 2977 regiminis

188 3034 264 3078 cum
284 3035 351 3097 pro
371 3015 510 3078 interna
533 3034 675 3077 suorum
695 3017 890 3079 monastica
911 3017 1013 3079 disci-

189 3137 282 3219 plina
306 3156 443 3198 summa
470 3136 654 3220 diligentia
681 3147 902 3220 paternaque
930 3159 1014 3202 cura

187 3259 361 3342 vigilaret,
389 3278 568 3340 nunquam
590 3261 808 3344 neglegebat
832 3281 952 3324 eorum
979 3261 1013 3324 in

186 3380 294 3443 literis
309 3400 550 3464 progressum,
566 3391 640 3445 tam
655 3383 691 3445 in
703 3383 829 3446 studiis
841 3383 1014 3466 theologi·

187 3503 244 3585 cis
266 3523 373 3585 quam
389 3502 641 3585 philosophicis
658 3513 694 3567 et
713 3505 842 3568 ceteris
857 3506 1014 3569 scientiis

186 3624 459 3707 humanioribus,
498 3634 698 3689 sustentare
735 3637 843 3708 atque
880 3627 1012 3691 fovere.

187 3746 321 3809 Memor
346 3746 438 3809 enim
463 3756 540 3810 erat
558 3749 709 3830 duplicis
727 3747 816 3832 finis,
841 3770 911 3831 quo
931 3751 1014 3812 duc-

188 3878 242 3932 tus
267 3868 438 3932 fundator
468 3870 766 3953 congregationis,
802 3872 1015 3934 venerabilis

191 3989 395 4053 Mechithar.
416 3991 539 4072 abbas,
560 4011 661 4053 suum
677 3993 835 4054 ordinem
854 3993 1014 4055 institue·

191 4122 253 4175 rat:
280 4132 353 4176 non
375 4114 489 4175 solum
512 4114 647 4176 scilicet
672 4115 911 4177 missionarios
938 4115 1013 4177 sive

194 4236 351 4298 doctores
370 4255 613 4317 praeconesve
633 4234 717 4298 fidei
737 4238 931 4300 catholicae
951 4257 1013 4318 pa-

195 4358 296 4440 randi,
308 4378 433 4420 verum
446 4359 553 4433 etiam
566 4359 786 4422 institutores
798 4371 834 4422 et
843 4380 1013 4442 praecep-

197 4486 281 4541 tores
294 4478 517 4561 informandi,
531 4480 591 4561 qui
604 4481 697 4543 domi
711 4489 747 4543 et
758 4480 853 4562 foris
866 4482 902 4544 in
914 4482 1014 4544 scho-

198 4597 231 4662 lis
251 4611 289 4663 et
308 4601 480 4664 institutis
501 4601 721 4664 iuventutem
741 4623 919 4666 armenam
942 4615 1014 4666 tam

199 4719 226 4784 in
239 4723 342 4786 bonis
358 4724 515 4786 moribus
532 4743 638 4805 quam
655 4724 690 4785 in
704 4724 889 4806 disciplina
901 4726 1014 4789 varia·

200 4861 264 4907 rum
281 4845 510 4908 scientiarum
525 4845 749 4908 instruerent.

272 4969 471 5050 Antiquum
497 4967 749 5030 monasterium
770 4967 840 5030 ΡΡ.
865 4967 1015 5050 Capuci·

199 5106 321 5172 norum,
353 5091 447 5172 quod
469 5090 703 5173 congregatio
729 5110 820 5152 anno
846 5094 926 5153 1810
951 5111 1016 5154 sua

198 5213 340 5291 pecunia
373 5211 442 5274 sibi
474 5212 655 5294 proprium
682 5212 818 5275 fecerat
825 5261 834 5294 ,
868 5221 1016 5295 propter

198 5343 406 5398 vetustatem
421 5343 458 5397 et
476 5334 688 5417 angustiam,
708 5335 803 5398 nullo
821 5338 925 5398 modo
944 5354 1016 5397 om·

197 5455 292 5519 uibus
307 5456 502 5520 commodis
521 5456 728 5520 satisfacere
748 5466 898 5540 poterat.
922 5457 1016 5520 Hinc

1091 708 1253 761 coactum
1268 717 1308 759 se
1323 697 1413 760 vidit
1430 698 1684 760 illustrissimus
1701 700 1814 760 abbas
1829 697 1919 760 anti-

1091 840 1198 901 quum
1232 820 1318 882 illud
1349 819 1548 882 aedificium
1583 821 1740 883 demoliri
1771 820 1918 900 eiusque

1090 943 1167 1005 loco
1184 963 1314 1005 novum
1329 942 1505 1023 latiusque
1520 951 1648 1024 patens
1668 941 1918 1004 monasterium

1091 1063 1289 1126 aedificare.
1313 1064 1420 1126 Anno
1436 1064 1543 1145 igitur
1564 1068 1644 1126 1836
1660 1063 1773 1145 prima
1792 1062 1920 1125 funda·

1090 1195 1210 1248 menta
1225 1186 1310 1267 poni
1331 1185 1477 1267 curavit,
1496 1194 1532 1248 et
1548 1194 1631 1268 post
1646 1206 1776 1248 annum
1797 1193 1833 1247 et
1853 1203 1919 1245 sex

1090 1326 1230 1369 menses
1242 1327 1332 1389 opus
1344 1307 1555 1388 inchoatum,
1568 1308 1646 1369 Deo
1657 1308 1859 1386 adiuvante,
1873 1308 1919 1368 ad

1089 1428 1195 1491 finem
1208 1429 1367 1492 adduxit.
1388 1429 1479 1491 Novi
1492 1430 1595 1492 huius
1608 1429 1810 1493 monasterii
1824 1448 1917 1511 pars,

1090 1552 1184 1613 haud
1200 1571 1322 1632 parva,
1339 1550 1502 1613 officinae
1518 1551 1800 1634 typographicae
1816 1570 1919 1632 sepa-

1089 1673 1193 1735 ratim
1204 1673 1272 1736 fuit
1285 1674 1472 1736 destinata.
1496 1674 1602 1736 Anno
1619 1677 1697 1752 1837
1710 1674 1767 1735 die
1780 1677 1827 1735 18.
1839 1672 1917 1737 Oct.

1090 1792 1164 1858 Sua
1180 1795 1351 1857 Maiestas
1367 1795 1395 1857 F
1399 1795 1613 1858 erdinandus
1629 1796 1655 1858 Ι.
1673 1795 1840 1858 Austriae
1856 1795 1918 1857 im-

1090 1927 1234 1997 perator
1256 1917 1337 1979 huic
1361 1937 1452 1979 novo
1476 1916 1637 1979 aedificio
1664 1917 1818 1999 lapidem
1841 1916 1919 1979 fun·

1091 2040 1326 2101 damentalem
1350 2040 1565 2102 sollemniter
1590 2059 1724 2122 ponere
1752 2039 1919 2122 dignatus

1091 2171 1155 2222 est.
1180 2161 1286 2223 Anno
1308 2165 1389 2223 1850
1409 2162 1555 2242 praevio
1576 2161 1721 2223 consilio
1742 2180 1821 2223 cum
1845 2160 1917 2222 suis

1091 2282 1126 2346 in
1155 2283 1310 2365 capitulo
1338 2283 1496 2366 generali
1525 2294 1641 2365 capto,
1673 2283 1815 2365 redegit
1844 2282 1920 2345 illu·

1092 2405 1284 2468 strissimus
1311 2407 1423 2468 abbas
1452 2414 1624 2487 excerpta
1651 2405 1727 2468 sive
1755 2425 1920 2488 compen·

1093 2527 1188 2590 dium
1212 2548 1257 2589 ex
1278 2528 1478 2610 praecipuis
1503 2528 1680 2609 capitibus
1700 2528 1920 2591 constitutio-

1093 2650 1146 2712 nis
1162 2652 1208 2712 ab
1225 2650 1302 2731 ipso
1318 2649 1506 2712 fundatore
1519 2650 1685 2713 Mechith.
1702 2652 1920 2714 concedente

1074 2791 1120 2857 s.
1149 2769 1243 2835 Sede
1274 2782 1388 2852 apost.
1422 2775 1526 2852 (anno
1561 2773 1654 2853 1710)
1687 2773 1919 2855 conscriptae.

1093 2894 1227 2956 Eodem
1257 2894 1335 2975 ipso
1366 2914 1458 2956 anno
1490 2913 1528 2956 se
1554 2894 1709 2956 Romam
1735 2894 1921 2957 conferens

1092 3015 1346 3079 illustrissimus
1377 3019 1499 3098 abbas
1530 3016 1730 3098 praefatum
1755 3035 1920 3099 compen-

1093 3138 1188 3200 dium
1209 3135 1353 3201 Summo
1375 3137 1538 3200 Pontifici
1555 3139 1620 3201 Pio
1635 3139 1703 3200 IX.
1725 3139 1919 3221 proposuit,

1092 3259 1291 3323 humillimis
1307 3259 1473 3341 precibus
1486 3261 1686 3341 obsecrans,
1708 3269 1748 3323 ut
1767 3280 1792 3322 5.
1811 3261 1921 3323 Pater

1092 3402 1258 3464 suprema
1275 3402 1339 3444 sua
1355 3383 1567 3444 auctoritate
1585 3383 1652 3445 hoc
1674 3385 1921 3464 compendium

1094 3505 1231 3567 sancire
1252 3505 1523 3585 approbareque
1545 3504 1761 3586 dignaretur.
1778 3505 1920 3568 —Eius

1094 3628 1260 3709 precibus
1283 3626 1435 3720 libenter
1457 3625 1647 3708 indulgens
1667 3645 1694 3687 s.
1716 3626 1833 3707 Pater,
1857 3647 1921 3709 per

1094 3752 1204 3811 breve
1221 3768 1332 3828 suum,
1349 3748 1429 3808 ddo.
1442 3747 1582 3809 Rornae
1600 3747 1657 3809 die
1676 3753 1726 3810 23.
1739 3749 1812 3810 Ian.
1831 3753 1920 3830 1852,

1095 3871 1340 3952 compendium
1363 3869 1448 3931 illud
1469 3870 1692 3950 approbavit.
1714 3871 1813 3933 Idem
1829 3891 1922 3933 com-

1093 3975 1262 4077 pendium
1279 3991 1314 4053 in
1329 4002 1404 4073 typ.
1416 3991 1624 4053 Mechithar.
1642 3992 1774 4054 editum
1791 4003 1845 4055 est
1861 4014 1922 4057 an·

1094 4136 1139 4178 no
1163 4120 1253 4196 1852,
1280 4114 1314 4176 in
1338 4114 1422 4196 ling.
1440 4114 1538 4176 Arm.
1557 4122 1592 4176 et
1607 4114 1695 4196 Lat,
1720 4117 1785 4177 sub
1806 4117 1921 4178 titulo:

1093 4238 1404 4321 gpnlmqmnqmunp
1413 4238 1922 4331 pupffl.0npmfiurlptanmd.Lat,2

1092 4358 1922 4443 RegulaefundamentalescongregationisMe-

1093 4482 1353 4544 chitharisticae
1380 4481 1677 4544 Vindobonensis
1715 4482 1799 4545 Voti
1830 4503 1922 4546 com·

1093 4624 1169 4687 p05,
1196 4605 1304 4666 alacri
1330 4605 1446 4666 animo
1462 4604 1637 4666 Viennam
1660 4623 1823 4667 reversus
1847 4606 1922 4668 illu-

1094 4726 1286 4789 strissimus
1299 4725 1460 4787 dominus
1474 4725 1537 4787 Ar.
1551 4725 1689 4806 Azaria,
1704 4726 1759 4788 die
1774 4747 1823 4805 ²7·
1836 4726 1921 4788 Maii

1099 4852 1176 4911 1852
1194 4848 1404 4931 vigesimum
1425 4847 1584 4929 quintum
1605 4847 1697 4909 diem
1719 4848 1923 4910 anniversa·

1094 4971 1183 5032 rium
1203 4971 1223 5032 i.
1246 4990 1275 5032 e.
1297 4969 1576 5032 semiiubilaeum
1597 4969 1922 5051 archiepiscopatus

1094 5065 1147 5155 sui
1160 5092 1374 5155 sollemniter
1386 5091 1589 5154 celebravit.
1606 5091 1695 5152 Post
1703 5091 1792 5153 duos
1801 5111 1923 5175 annoS,

1095 5212 1531 5290 die2.Febr.1854maiori
1543 5231 1674 5295 pompa
1686 5221 1722 5275 et
1734 5214 1923 5294 splendore

1095 5334 1290 5397 celebravit
1304 5333 1494 5396 sacerdotii
1511 5333 1564 5396 sui
1581 5353 1608 5396 s.
1624 5334 1824 5398 iubilaeum.
1844 5336 1924 5399 Hac

1096 5456 1282 5520 occasione
1303 5456 1436 5539 placuit
1452 5454 1547 5520 Suae
1567 5477 1596 5520 c.
1611 5477 1639 5519 r.
1655 5477 1712 5539 ap.
1732 5457 1923 5541 Maiestati,
