4252 6112
927 448 1208 538 „253-

282 643 493 742 Kristidny
512 656 782 720 PiusPaulus
800 658 861 737 (de
877 676 904 721 s.
917 656 1027 719 Mon·

195 783 237 837 te
252 774 519 856 Pannoniae),
536 775 593 837 die
611 779 662 839 28.
675 774 779 837 Febr.
798 778 873 837 1801
894 774 1027 838 Albae·

196 894 338 979 Regiae
360 895 519 959 eiusdem
540 915 628 960 com.
651 895 686 959 in
702 896 888 980 Hungaria
912 907 1026 978 natus,

197 1017 255 1080 die
281 1021 328 1080 15.
350 1016 429 1081 001.
457 1020 537 1080 1818
561 1036 588 1079 s.
612 1016 736 1081 habitu
763 1018 918 1099 indutus,
943 1028 1027 1080 vota

197 1138 381 1202 sollemnia
403 1138 460 1201 die
487 1159 534 1217 19.
552 1137 630 1203 Oct.
652 1142 730 1201 1822
748 1138 875 1201 emisit.
904 1142 1028 1201 1822-

202 1266 282 1340 1824
304 1259 421 1324 officio
442 1259 655 1343 professoris
676 1256 790 1323 Ginsii
811 1258 954 1324 functus
974 1279 1028 1322 re·

199 1385 273 1446 dux
289 1383 324 1444 in
341 1402 367 1446 s.
385 1392 541 1445 montem
557 1381 683 1444 studiis
704 1400 730 1444 s.
748 1381 951 1464 theologiae
966 1399 1028 1442 va·

199 1504 303 1586 cavit,
320 1504 449 1586 quibus
466 1502 639 1567 absolutis
655 1502 712 1564 die
726 1522 754 1581 7.
768 1503 862 1585 Aug.
882 1506 961 1565 1828
974 1520 1029 1564 sa·

200 1626 358 1692 cerdotio
383 1626 542 1688 initiatus
566 1635 631 1688 est.
660 1628 825 1688 1828-86
847 1624 1029 1706 professor

196 1769 318 1834 gymn.
330 1744 454 1827 Ginsii,
469 1751 635 1824 1836-46
646 1743 867 1825 Comaromii,
880 1747 926 1808 ab
936 1765 1028 1808 anno

202 1876 282 1951 1846
299 1889 385 1932 vero
402 1868 669 1931 administrator
685 1869 856 1930 bonorum
871 1867 905 1930 in
919 1869 1028 1929 abba-

198 1995 248 2058 tia
272 1995 316 2056 de
340 1992 490 2074 Tihany,
516 1991 571 2052 ubi
597 1990 654 2053 die
677 2012 706 2069 9.
731 1989 819 2053 Nov.
850 1994 928 2053 1863
953 1988 1028 2052 vita

199 2116 316 2180 cessit.
342 2113 509 2196 Scripsit:
599 2160 604 2175 .

285 2260 308 2316 Ι.
333 2257 489 2325 Hah-sad,
514 2255 699 2330 me'ltosagos
720 2255 849 2312 Naidasdi
871 2254 1027 2312 0161Νο-

199 2363 293 2438 dasdy
302 2361 443 2438 Leopold
456 2336 498 2419 Ur
511 2361 674 2417 Komarom
690 2378 798 2435 megye
810 2356 1040 2436 fdispainyahoz·

201 2469 233 2525 es
246 2466 406 2542 nagylelkti
420 2464 542 2540 nejehez
555 2465 579 2520 F
581 2483 670 2540 orray
683 2464 757 2521 Iulia
769 2482 897 2538 asszony
908 2463 1027 2537 csillag·

199 2573 354 2629 keresztes
368 2569 511 2626 damahoz
529 2567 618 2643 1839.
637 2568 729 2642 majus
747 2568 851 2624 2-11111.
869 2563 898 2644 (1.
913 2586 939 2624 e.
953 2566 1027 2623 Car·

201 2695 268 2734 men
287 2676 402 2749 gratias
418 2691 512 2749 agens
529 2675 630 2730 comiti
646 2660 787 2748 Nidasdy
810 2686 839 2729 et
855 2673 940 2728 uxori
963 2673 1027 2728 eius

201 2780 294 2838 Iuliae
310 2774 447 2856 Forray.)
469 2776 702 2834 Komiromban.
719 2776 916 2833 Weinmiiller
932 2776 957 2831 F
958 2795 1026 2833 ran·

201 2885 311 2944 cziska.
328 2890 371 2956 4⁰.
390 2882 408 2939 6
425 2902 454 2959 p.

286 3008 324 3064 II.
342 3006 409 3063 Alia
422 3007 554 3062 carmina
567 3005 781 3074 occasionalia,
798 3004 1028 3061 dissertationes

201 3124 258 3170 cet.
281 3114 309 3168 in
330 3112 434 3187 script.
452 3108 570 3187 period.
591 3109 728 3184 „Religio
745 3109 778 3166 es
794 3109 934 3165 revelem
955 3120 1027 3174 cet.;

200 3235 237 3274 011
253 3214 361 3292 quibus
374 3216 545 3271 versionem
558 3213 734 3288 hymnorum
755 3211 984 3283 ,1.2111111510111
999 3225 1030 3269 et

203 3318 330 3395 ,Stabat
351 3323 464 3376 mater‘·
493 3320 522 3374 in
546 3319 676 3394 linguam
697 3319 797 3393 Hung.
819 3336 1028 3376 memoramus.

201 3422 247 3503 (V.
265 3424 384 3498 Religio
401 3423 434 3480 es
451 3422 582 3490 nevelc's‚
604 3420 693 3494 1841.
711 3423 734 3480 Ι.
754 3422 791 3496 78
809 3437 839 3479 01
859 3436 914 3496 143
934 3420 975 3500 p.)

202 3599 211 3619 ·
286 3572 401 3645 Krdll
424 3579 680 3644 Godefridus
703 3585 735 3663 (a
761 3601 788 3645 s.
810 3582 939 3646 Petro
961 3582 1029 3648 Sa·

200 3699 332 3761 lisbur
338 3699 403 3781 gi),
416 3710 522 3762 natus
535 3700 570 3762 in
584 3699 748 3764 Oberzell
761 3700 933 3764 dioecesis
943 3703 1029 3765 Pas·

201 3822 374 3885 saviensis
388 3843 438 3900 24.
448 3823 521 3886 Ι211.
540 3827 630 3905 1682,
644 3824 752 3886 musis
765 3825 1029 3888 humanioribus

202 3962 344 4025 operam
362 3945 507 4007 navavit
523 3945 698 4027 Passavii,
718 3946 836 4009 studia
853 3966 937 4008 vero
953 3947 1029 4029 phi·

201 4065 545 4146 losophicaabsolvit
554 4067 589 4129 in
598 4068 786 4131 Athenaeo
796 4069 1029 4133 Benedictino

201 4185 360 4268 Salipoli.
394 4188 500 4250 Anno
527 4208 608 4267 1700
634 4209 684 4268 27.
712 4190 801 4255 Nov.
830 4191 1029 4255 tirocinium
1068 4168 1070 4177 Ι

201 4307 433 4371 monasticum
450 4308 642 4392 ingressus,
664 4329 739 4388 1701
760 4316 810 4374 30.
828 4312 917 4376 Nov.
935 4314 1029 4376 votis

201 4429 430 4492 sollemnibus
454 4430 609 4512 emissis,
637 4444 824 4515 neomysta
853 4455 900 4512 19·
925 4434 1028 4499 Mart.

206 4556 285 4631 1705
304 4554 349 4614 211
365 4572 463 4616 aram
479 4552 589 4616 stetit.
613 4552 705 4615 Exin
721 4574 785 4636 pro
801 4574 865 4619 sua
877 4558 1029 4639 pruden-

202 4674 251 4738 tia
267 4676 313 4737 ad
330 4675 446 4739 omnia
462 4674 537 4737 fere
554 4676 759 4738 monasterii
779 4675 896 4740 officia
917 4679 1029 4760 appli-

203 4807 315 4877 catus,
329 4806 453 4879 utpote
467 4798 625 4861 custodis
639 4799 822 4881 ecclesiae,
836 4802 1029 4881 oeconomi,

202 4920 436 4983 cancellariae
449 4920 634 5002 praefecti,
649 4922 861 4985 novitiorum
879 4932 914 4987 et
930 4923 1030 4986 cleri-

201 5062 320 5105 corum
338 5043 509 5127 magistri,
526 5042 653 5125 prioris
670 5043 868 5108 claustralis
891 5057 927 5109 et
949 5067 1030 5109 con-

202 5163 340 5226 fessarii
367 5166 570 5228 monialium
598 5185 628 5228 o.
655 5187 681 5229 s.
705 5167 744 5230 B.
773 5168 808 5232 in
832 5173 1029 5254 Nonnberg.

1105 652 1226 715 laurea
1239 655 1427 717 decoratus
1439 674 1532 717 211110
1550 673 1631 735 1714
1643 654 1680 717 in
1692 654 1792 717 alma
1804 652 1939 716 univer·

1106 777 1212 840 sitate
1226 775 1493 861 salisburgensi
1504 778 1656 859 primum
1674 777 1939 841 controversias

1105 896 1188 962 fidei
1201 900 1330 962 docere
1343 899 1472 982 coepit,
1484 920 1507 962 a
1519 900 1648 982 quibus
1661 908 1748 982 post
1759 899 1937 963 biennium

1106 1025 1152 1087 ad
1183 1025 1433 1105 exponendam
1464 1043 1491 1087 s.
1519 1022 1733 1105 scripturam
1766 1020 1938 1099 transivit,

1107 1165 1214 1228 quam
1230 1146 1438 1209 cathedram
1454 1165 1547 1209 anno
1568 1151 1647 1226 1733
1664 1144 1875 1229 resignavit
1888 1164 1938 1207 su·

1107 1269 1256 1352 perioris
1269 1268 1304 1332 in
1314 1279 1432 1333 monte
1440 1269 1809 1333 Mariano-Plainensi
1818 1287 1938 1331 munus

1107 1403 1346 1473 suscepturus.
1382 1392 1535 1456 Demum
1565 1393 1679 1455 abbas
1709 1393 1760 1455 ad
1789 1410 1819 1456 s.
1847 1390 1938 1455 Petri

1108 1517 1242 1579 electus
1268 1534 1344 1595 1741
1366 1520 1417 1580 26.
1435 1513 1526 1595 Oct,
1548 1515 1768 1579 monasterio
1789 1513 1939 1597 praefuit

1108 1658 1221 1720 usque
1239 1642 1289 1702 26.
1306 1638 1391 1700 Maii
1412 1642 1503 1719 1753,
1521 1658 1591 1720 quo
1606 1637 1705 1701 obiit.
1732 1636 1904 1721 Scripsit:

1211 1766 1454 1821 Monotessarum
1486 1764 1693 1840 evangelicum
1720 1768 1793 1823 sive
1820 1765 1939 1823 historia

1108 1869 1284 1944 evangelica
1301 1886 1337 1925 011
1355 1883 1487 1943 quatuor
1507 1869 1703 1944 evangelistis
1723 1871 1757 1926 in
1778 1889 1871 1927 unum
1892 1889 1940 1927 vo·

1106 1975 1203 2030 lumen
1221 1974 1349 2031 collecta
1365 1992 1401 2031 ac
1418 1976 1560 2049 mysteria
1576 1973 1758 2049 evangelica
1775 1975 1940 2033 litteraliter

1107 2091 1138 2135 et
1154 2081 1279 2154 mystice
1296 2078 1471 2155 explanans.
1495 2078 1660 2135 Tractatus
1676 2079 1689 2135 1
1707 2092 1740 2136 et
1754 2080 1784 2136 11
1798 2078 1940 2157 usquead

1108 2185 1292 2240 nativitatem
1310 2184 1441 2240 Domini.
1463 2181 1641 2258 Salisburgi,
1664 2182 1765 2259 Mayr.
1788 2198 1882 2258 1725.
1901 2190 1939 2255 4⁰.

1107 2303 1169 2361 420
1187 2308 1216 2364 p.
1242 2288 1406 2345 Tractatus
1422 2288 1465 2344 111
1481 2287 1631 2362 usquead
1647 2284 1850 2364 baptismum.
1872 2288 1939 2346 Ibid

1112 2392 1202 2467 1728.
1219 2400 1261 2465 4⁰.
1280 2391 1342 2465 368
1360 2413 1389 2469 p.
1407 2392 1508 2450 Editio
1526 2393 1553 2448 ΙΙ
1570 2392 1728 2467 Augustae
1745 2392 1776 2449 V
1777 2394 1839 2451 ind.
1853 2390 1940 2453 Wolf.

1112 2511 1204 2572 1759.
1221 2498 1245 2553 F
1247 2498 1286 2554 ol.

1193 2608 1436 2682 Kronecker
1462 2618 1702 2683 Guntherus
1730 2618 1940 2701 (010111112-

1107 2738 1270 2817 nensis),
1288 2747 1394 2800 antea
1410 2738 1555 2817 Paulus,
1571 2745 1604 2801 in
1620 2738 1798 2821 parochia
1810 2738 1940 2802 Fischl·

1106 2860 1187 2922 ham
1208 2859 1266 2921 die
1288 2879 1337 2937 27.
1354 2859 1427 2922 Ian.
1450 2863 1528 2924 1808
1550 2870 1654 2923 natus
1675 2861 1799 2924 studia
1815 2859 1941 2925 Cremi-

1107 2980 1181 3044 fani
1195 2981 1361 3055 confecit;
1376 2992 1504 3046 exacto
1513 2981 1664 3046 tirocinii
1675 3002 1774 3045 anno
1783 2982 1940 3047 Lincium

1108 3104 1154 3165 ad
1179 3102 1297 3165 studia
1322 3104 1524 3187 theologica
1549 3104 1753 3188 digressus,
1781 3117 1940 3168 votorum

1110 3224 1298 3288 emissione
1315 3226 1372 3287 die
1390 3247 1439 3289 21.
1458 3223 1558 3309 Sept.
1579 3229 1659 3289 1830
1676 3227 1794 3290 ordini
1811 3248 1895 3291 sese
1910 3236 1941 3290 et

1108 3353 1321 3410 monasterio
1346 3348 1549 3429 obstrinxit',
1572 3348 1630 3411 die
1650 3353 1681 3412 8.
1697 3348 1764 3412 1u1.
1787 3354 1867 3413 1831
1892 3370 1942 3413 sa·

1110 3469 1235 3531 cardos
1248 3469 1492 3552 inauguratus.
1514 3474 1679 3535 1831-35
1696 3471 1732 3533 in
1747 3472 1942 3536 Eberstall-

1109 3591 1187 3670 zell,
1209 3592 1429 3669 1836-40111
1446 3592 1630 3656 Thalheim
1648 3606 1883 3675 cooperator,
1901 3596 1943 3657 ab

1110 3732 1203 3775 anno
1224 3717 1300 3791 1841
1321 3714 1497 3777 rationum
1514 3715 1718 3778 monasterii
1735 3716 1942 3798 praefectus

1110 3835 1283 3916 simulque
1311 3836 1408 3898 chori
1435 3836 1558 3899 musici
1586 3836 1742 3900 director
1769 3839 1863 3902 obiit
1891 3810 1946 3900 die

1114 3977 1161 4034 14.
1179 3957 1274 4038 Aug.
1296 3960 1385 4035 1847.

1196 4079 1296 4141 Artis
1320 4079 1474 4141 musicae
1502 4080 1766 4143 amantissimus
1792 4094 1830 4145 et
1855 4083 1944 4165 pen'·

1109 4200 1265 4263 tissimus
1282 4201 1328 4262 ad
1344 4202 1534 4263 sollemnes
1551 4201 1742 4265 sacerdotii
1757 4204 1813 4266 sui
1826 4206 1944 4287 primi-

1109 4322 1178 4385 tias
1211 4333 1352 4384 cantum
1384 4322 1586 4405 liturgicum
1616 4323 1694 4405 ipse
1730 4328 1943 4410 composuit.

1110 4455 1297 4526 praeterea
1307 4458 1498 4526 sequentes
1510 4445 1945 4527 compositioneseiusex·

1109 4577 1204 4628 tant:

1198 4692 1219 4748 1.
1237 4692 1330 4748 Missa
1347 4695 1376 4748 in
1392 4695 1424 4758 B,
1446 4693 1485 4749 ad
1505 4693 1736 4751 sollemnitatem
1759 4700 1895 4755 nominis
1914 4698 1945 4754 P.

1111 4795 1211 4853 Bedae
1229 4797 1332 4864 Plank,
1354 4794 1443 4869 1827.

1198 4901 1234 4956 11.
1252 4899 1406 4957 Graduale
1422 4899 1552 4977 (Amavit
1568 4900 1655 4979 eum),
1677 4900 1771 4976 1827.

1198 5005 1249 5061 111.
1272 5004 1426 5062 Graduale
1446 5004 1540 5084 (Ecce
1556 5024 1633 5063 nunc
1649 5003 1826 5066 benedicite
1843 5011 1948 5069 Domi·

1110 5106 1311 5188 1111111),1831.

1197 5213 1247 5271 IV.
1285 5213 1450 5271 Offertoria
1485 5234 1541 5290 pro
1577 5213 1736 5272 dominicis
1777 5217 1949 5289 Adventus,

203 5282 395 5348 Praeterea
418 5307 484 5368 pro
507 5287 656 5370 insignis
685 5290 816 5372 ingenii
842 5291 896 5354 sui
924 5293 1031 5355 docu-
1116 5316 1205 5390 1332,

1197 5423 1232 5479 V.
1250 5420 1363 5479 Libera
1379 5420 1449 5501 (duo
1467 5421 1572 5502 chori),
1594 5421 1684 5496 1832.

204 5406 330 5468 mentis
359 5411 438 5485 1708
464 5428 513 5470 2ο.
537 5409 612 5473 Iun.
638 5429 803 5494 suprema
827 5413 1030 5496 theologiae
