4222 6106
919 495 966 504 -
1024 457 1097 544 50⁶
1152 494 1204 502 .-

272 667 351 723 VIII.
369 663 481 721 Lieder
496 682 550 719 aus
567 662 662 719 Tirol.
680 658 709 740 (i.
727 681 754 718 0.
771 662 910 718 Carmina
923 661 1014 717 ’1110-

185 768 299 848 101111.)
317 771 357 828 8⁰.
376 767 528 842 Stuttgart
543 767 603 823 und
619 765 791 839 Tfibingeu.
814 763 905 837 1842.

272 902 324 956 IX.
353 899 480 955 Bluthen
507 898 634 971 heiliger
657 895 754 952 Liebe
782 894 841 951 und
866 893 1014 950 Andacht.

186 1006 249 1063 Aus
276 1004 333 1060 den
361 1001 512 1060 Schriften
543 1002 596 1058 der
626 1001 786 1057 Giovanna
812 999 907 1054 Maria
937 996 1017 1053 dalla

186 1112 296 1167 Croce.
319 1106 349 1186 (1.
372 1126 397 1164 e.
420 1106 452 1163 S.
473 1108 586 1162 amoris
607 1119 637 1161 et
657 1104 828 1161 devotionis
845 1104 945 1159 tiores.
970 1102 1017 1157 Ex

187 1215 308 1290 scriptis
325 1215 455 1269 Ioannae
471 1212 584 1267 Mariae
601 1229 618 1266 a
634 1204 755 1286 Cruce.)
772 1207 814 1265 8⁰.
836 1205 1015 1273 Innsbruck,

186 1317 235 1373 bei
252 1317 397 1390 Wagner.
418 1314 509 1387 1845.

273 1440 310 1494 X.
335 1437 493 1493 Giovanna
516 1435 611 1490 Maria
639 1433 716 1489 dalla
744 1432 842 1489 Croce
866 1430 926 1486 und
954 1429 1021 1486 ihre

190 1543 264 1598 Zeit.
282 1538 311 1616 (i.
326 1561 351 1597 0.
366 1542 412 1596 De
429 1541 542 1597 Ioanna
558 1540 652 1594 Maria
667 1556 685 1593 a
701 1538 801 1594 Cruce
818 1535 930 1611 illoque
943 1547 1017 1590 tem·

189 1665 263 1722 pore
280 1665 340 1720 quo
357 1642 451 1723 vixit.)
469 1644 511 1702 8⁰.
528 1641 740 1716 Regensburg,
751 1641 800 1698 bei
809 1642 904 1697 Manz.
927 1637 1017 1712 1846.

274 1777 327 1832 XI.
357 1776 415 1832 Die
444 1774 593 1831 Gedichte
618 1772 760 1830 Oswalds
787 1789 847 1827 von
870 1769 1018 1826 Wolken·

188 1882 276 1937 stein.
301 1878 331 1959 (i.
354 1899 380 1937 e.
405 1880 546 1936 Carmina
567 1877 702 1935 Oswaldi
725 1876 763 1932 de
784 1870 1019 1949 Wolkenstein.)

188 1985 229 2042 8⁰.
247 1984 426 2052 Innsbruck‚
443 1981 492 2039 bei
509 1984 655 2057 Wagner.
676 1981 768 2054 1847.

274 2106 340 2162 XII.
354 2106 412 2161 Die
424 2104 512 2161 Stadt
524 2107 626 2160 Bozen
639 2103 698 2159 und
711 2103 775 2158 ihre
788 2100 1018 2176 Umgebungen.

189 2207 219 2287 (i.
234 2230 260 2267 e.
278 2211 325 2266 De
338 2209 451 2285 oppido
465 2208 640 2264 Bulsanensi
653 2205 848 2280 eiusdemque
861 2201 1019 2283 confiniis.)

190 2314 224 2371 8⁰
240 2316 308 2371 min.
326 2315 436 2379 Bozen‚
453 2312 501 2369 bei
519 2311 639 2368 Eberle.
662 2310 752 2382 1850.

278 2445 359 2499 XIII.
385 2442 509 2499 Oswald
524 2461 584 2498 von
601 2441 813 2498 Wolkenstein
835 2439 894 2496 und
914 2440 1020 2496 Fried-

194 2549 257 2605 rich
274 2551 327 2604 mit
343 2547 397 2603 der
413 2547 513 2603 leeren
530 2545 661 2603 Tasche.
685 2545 719 2600 In
740 2560 772 2601 11
789 2545 936 2600 Bdchern.
953 2540 1020 2622 (1.0.

192 2655 239 2709 De
260 2651 406 2708 Oswaldo
427 2650 464 2706 de
485 2650 696 2706 Wolkenstein
720 2662 751 2704 et
772 2648 929 2705 Friderico
953 2666 1020 2704 cum

191 2776 287 2813 vacua
311 2774 393 2831 pera.
429 2756 463 2810 In
495 2770 527 2811 11
559 2750 664 2832 libris.)
691 2751 732 2810 8⁰.
761 2750 944 2821 Innsbruck,
971 2750 1021 2808 bei
1047 2768 1049 2772 ·

190 2862 334 2936 Wagner.
356 2858 446 2931 1850.

277 2981 357 3037 XIV.
375 2980 537 3055 Predigten
553 2979 619 3035 an's
635 2978 840 3034 I'irolervolk.
858 2974 1021 3055 (10011-

192 3090 289 3144 tiones
313 3103 429 3169 sacrae,
452 3102 527 3159 quas
551 3081 654 3138 habuit
670 3101 772 3138 coram
788 3081 903 3158 populo
920 3081 1021 3137 1111-

191 3188 270 3268 1011.)
287 3189 329 3247 80.
346 3188 508 3245 Franksurt
523 3206 550 3244 a.
564 3189 615 3255 M,
632 3185 680 3243 bei
694 3185 906 3243 Sauerldnder.
929 3186 1020 3259 1851.

278 3321 343 3378 XV.
358 3322 421 3376 Das
433 3319 513 3374 Thai
527 3320 665 3374 Passeier
677 3310 736 3372 und
749 3318 832 3373 scine
841 3317 1019 3374 Bewohner.

191 3424 221 3504 (i.
239 3446 265 3482 e.
283 3427 329 3481 De
341 3424 419 3480 valle
431 3425 573 3497 Passyria
589 3424 714 3496 eiusque
731 3418 858 3499 incolis.)
875 3420 917 3477 8⁰.
935 3422 1021 3478 Inus-

134 3581 141 3593 ,
191 3529 298 3596 bruel,
315 3527 363 3584 bei
381 3530 526 3602 Wagner.
550 3527 639 3599 1852.

280 3693 536 3765 Weinreiter
558 3702 803 3765 Victorinus
832 3704 1021 3785 (Admon-

192 3820 348 3901 tensis),
358 3820 482 3883 Leobii
491 3820 527 3882 in
537 3818 658 3903 Styria
666 3830 771 3882 natus
784 3841 831 3902 ιο.
842 3821 916 3883 Ian.
931 3824 1022 3902 1782,

192 3944 302 4006 vitam
316 3943 587 4005 Benedictinam
605 3947 652 4004 13.
662 3940 741 4006 Oct.
756 3946 845 4024 1805,
860 3963 940 4004 cum
952 3943 1022 4004 iam

194 4066 315 4128 8.Dec.
330 4070 410 4142 1804
424 4064 574 4144 primum
583 4065 662 4127 Deo
675 4065 863 4127 obtulisset
873 4085 1022 4146 sacrum,

195 4186 377 4266 ingressus
396 4196 460 4248 est.
485 4185 545 4247 Ad
561 4206 634 4247 rem
652 4187 900 4250 scholasticam
918 4207 1022 4249 voca·

195 4318 252 4369 tus
273 4305 402 4388 partim
424 4307 621 4369 Admontes
642 4309 771 4390 partim
796 4308 830 4370 in
854 4311 941 4370 urbe
962 4329 1024 4389 pa-

195 4430 272 4510 tria,
295 4437 475 4509 postremo
492 4448 577 4491 vero
594 4427 735 4493 Graecii
752 4430 957 4493 erudiendis
973 4430 1023 4492 iu-

194 4551 345 4613 venibus
362 4571 506 4631 operam
523 4552 631 4632 dedit,
653 4553 713 4614 ubi
735 4552 923 4635 gymnasio
945 4572 1023 4614 aca-

195 4674 331 4735 demico
345 4672 549 4754 praefectus
566 4673 780 4755 reliquorum
793 4672 828 4735 in
841 4672 1025 4753 provincia

195 4796 460 4880 gymnasiorum
477 4796 630 4858 director
643 4795 844 4858 nominatus
861 4804 925 4858 est.
950 4794 1025 4856 Ali·

196 4928 282 4998 quot
310 4938 420 4980 annos
452 4919 487 4980 in
520 4937 603 4979 cura
630 4917 825 4979 animarum
854 4917 1025 4978 curatiam

195 5040 359 5102 Traboch
376 5039 647 5121 administravit,
669 5040 783 5102 donec
805 5058 952 5121 corpore
974 5038 1025 5099 in·

195 5159 294 5222 firmo
312 5162 452 5222 domum
470 5171 708 5224 reverteretur
725 5171 761 5224 et
777 5160 961 5223 debilitate
980 5180 1026 5221 ex

197 5283 383 5344 diarrhoea
414 5283 579 5346 chronica
610 5284 758 5346 oriunda
788 5283 881 5344 diem
912 5283 1027 5344 obiret

197 5423 398 5485 supremum
427 5409 475 5466 26.
497 5405 583 5466 Maii
610 5409 700 5483 1849.
731 5404 786 5466 De
815 5424 851 5466 re
875 5404 1027 5466 scholari

1095 656 1228 738 optimc
1254 656 1401 719 meritus
1424 656 1632 719 Victorinus
1656 675 1798 718 nummo
1818 677 1897 722 aureo

1095 797 1227 859 magno
1243 777 1432 859 insignitus
1449 787 1535 839 0111.

1183 904 1205 958 Ι.
1234 901 1370 959 Libellus
1397 902 1550 959 auxiliaris
1578 902 1725 959 studiosis
1749 903 1799 959 III.
1820 918 1845 959 et
1864 906 1897 962 Il'.

1096 1009 1308 1082 grammatices
1322 1005 1429 1062 classis
1444 1020 1596 1081 tamquam
1609 1006 1840 1082 supplementum
1852 1008 1896 1065 libri

1097 1112 1272 1167 scholastici
1290 1110 1416 1166 dicatus.
1434 1110 1565 1167 Graecii.
1584 1110 1627 1167 8⁰.

1184 1215 1221 1270 II.
1236 1213 1413 1289 Sammlung
1420 1233 1479 1271 von
1489 1229 1553 1287 500
1562 1214 1813 1290 Sprichwdrtem‚
1823 1216 1896 1272 Deuk-

1097 1320 1258 1394 spriichen,
1276 1317 1484 1374 Redensarten
1505 1321 1535 1374 in
1556 1319 1720 1376 deutscher
1741 1318 1896 1375 1111111011-

1097 1423 1187 1479 scher
1196 1421 1343 1498 Sprache,
1353 1436 1460 1478 sammt
1469 1422 1523 1479 der
1534 1421 1664 1497 Angabe
1673 1423 1728 1479 des
1737 1423 1895 1499 Urspruuges

1097 1546 1157 1583 von
1171 1527 1255 1583 mehr
1266 1526 1310 1583 als
1326 1541 1389 1583 200
1402 1527 1501 1584 111011.
1514 1527 1725 1584 Redensarten
1734 1529 1764 1583 in
1772 1527 1897 1584 deutscher

1098 1629 1342 1706 alphabetischer
1355 1631 1512 1706 Ordnung.
1529 1629 1559 1710 (i.
1569 1650 1596 1688 e.
1606 1631 1826 1699 Parabolarum,
1834 1632 1897 1707 phra-

1099 1737 1174 1791 sium
1192 1735 1367 1791 Latinarum
1389 1753 1487 1810 aeque
1503 1754 1540 1792 ac
1557 1734 1804 1792 Germanicarum
1818 1735 1897 1792 collec-

1100 1836 1164 1917 tio.)
1183 1839 1286 1895 Grattz.
1305 1836 1348 1896 8⁰.

1186 1968 1331 2042 Weiss
1366 1980 1547 2042 Ioannes
1582 1981 1784 2062 Baptista
1815 1981 1895 2063 (San-

1100 2094 1351 2176 Blasianus).
1384 2096 1500 2159 Natus
1529 2107 1585 2160 est
1611 2098 1648 2160 in
1673 2098 1854 2161 Witticheu
1871 2098 1894 2159 11

1100 2236 1231 2299 magno
1256 2219 1388 2280 ducatu
1411 2218 1569 2280 Badensi
1596 2219 1656 2281 die
1682 2242 1713 2297 4.
1736 2220 1804 2282 Ian.
1828 2223 1894 2298 1751

1101 2357 1128 2399 s.
1145 2338 1270 2401 habitu
1293 2339 1437 2402 indutus
1461 2339 1497 2402 in
1523 2341 1607 2403 divo
1630 2341 1771 2416 Blasio;
1792 2342 1894 2404 sollem-

1101 2461 1194 2523 niter
1213 2461 1397 2542 professus
1419 2461 1476 2525 die
1501 2466 1531 2527 6.
1547 2463 1624 2526 Iun.
1646 2469 1742 2542 1773;
1766 2463 1895 2526 sacerdos

1102 2583 1285 2645 ordinatus
1310 2584 1367 2646 die
1393 2605 1418 2646 1.
1440 2586 1516 2648 Iun.
1538 2589 1629 2664 1776.
1653 2585 1847 2649 Praeclaras
1861 2583 1896 2644 in·

1101 2704 1198 2786 genii
1215 2706 1318 2766 dotes
1331 2725 1352 2766 a
1364 2704 1443 2767 Deo
1456 2706 1598 2787 accepit
1610 2715 1649 2769 et
1660 2707 1820 2769 excoluit.
1840 2703 1896 2768 Stu-

1102 2825 1169 2887 diis
1186 2826 1222 2888 in
1239 2825 1322 2889 divo
1338 2827 1460 2890 Blasio
1477 2828 1626 2910 exactis,
1648 2828 1813 2892 fratribus
1827 2825 1897 2890 cleri·

1102 2947 1153 3009 cis
1169 2948 1427 3030 philosophiae,
1452 2949 1537 3012 iuris
1562 2950 1795 3014 ecclesiastici
1817 2961 1845 3012 et
1859 2966 1898 3008 sa-

1101 3089 1182 3131 crae
1200 3070 1426 3151 eloquentiae
1442 3071 1615 3153 magister
1636 3074 1743 3135 datus
1758 3082 1817 3135 est.
1837 3069 1898 3133 Ora·

1101 3203 1156 3255 tor
1183 3211 1328 3273 prorsus
1355 3192 1500 3271 insignis
1526 3212 1569 3255 ac
1596 3194 1725 3275 po'e'ta,
1752 3193 1899 3270 utriusque

1101 3314 1188 3376 artis
1219 3314 1414 3395 specimina
1445 3314 1590 3396 publica
1618 3315 1771 3397 reliquit.
1804 3313 1899 3376 Curam

1101 3437 1295 3500 animarum
1312 3438 1488 3517 parochus
1504 3436 1541 3498 in
1557 3435 1775 3500 Schluchsee
1796 3436 1900 3516 aliquot

1102 3579 1215 3621 annos
1225 3559 1394 3620 exercuit.
1413 3557 1501 3621 Cum
1510 3578 1603 3621 anno
1618 3579 1699 3638 1794
1712 3557 1900 3642 gymnasium

1103 3681 1376 3743 Constantiense
1394 3700 1459 3760 pro
1476 3680 1674 3743 erudienda
1697 3682 1861 3743 iuventute
1875 3676 1901 3736 in

1103 3802 1233 3864 scholis
1242 3802 1508 3864 humanioribus
1521 3803 1568 3863 ab
1581 3803 1664 3864 aula
1678 3797 1901 3864 caesareaVin·

1104 3923 1300 3985 dobonensi
1313 3923 1398 3985 solis
1408 3924 1654 3986 BenedictInis
1667 3917 1901 3987 San-Blasianis

1104 4045 1329 4108 commissum
1351 4045 1487 4126 fuisset,
1513 4045 1553 4108 P.
1574 4046 1649 4107 Ioh.
1667 4046 1826 4127 Baptista
1845 4058 1901 4104 cum

1104 4167 1291 4229 destinatis
1319 4186 1361 4228 eo
1389 4167 1545 4248 quinque
1576 4166 1831 4248 professoribus
1855 4160 1902 4224 fuit

1104 4290 1325 4370 amandatus,
1350 4298 1389 4351 ut
1413 4309 1540 4351 munus
1563 4289 1738 4370 praefecti
1760 4281 1903 4371 gymnasii

1104 4433 1146 4474 ac
1163 4411 1275 4492 patris
1298 4411 1451 4474 familias
1473 4412 1615 4493 collegii
1641 4412 1689 4474 ibi
1713 4420 1836 4494 ageret.
1854 4407 1903 4468 Po·

1105 4544 1183 4595 stea
1195 4535 1372 4614 parochus
1385 4532 1421 4594 in
1430 4532 1760 4614 Hiichenschwand,
1773 4524 1904 4594 sanitatis

1105 4656 1373 4715 conservandae
1390 4653 1555 4735 incuriuS,
1568 4655 1728 4737 paralysi
1742 4652 1869 4734 saepius
1880 4658 1906 4707 et

1106 4774 1235 4836 acriter
1250 4775 1374 4837 vexari
1392 4775 1521 4856 coepit,
1540 4795 1632 4856 quae
1646 4777 1788 4837 tandem
1803 4774 1834 4835 in
1844 4785 1907 4850 apo

1105 4896 1262 4975 plexiam
1283 4896 1532 4984 degeneravit,
1557 4916 1629 4977 qua
1649 4898 1703 4958 vir
1723 4899 1846 4973 bonus,
1866 4887 1910 4971 qui

1106 5019 1190 5080 nulli
1204 5017 1400 5081 officiorum
1411 5038 1578 5099 umquam
1589 5019 1724 5100 deerat,
1735 5023 1913 5081 consumtus

1107 5139 1259 5201 animam
1276 5140 1458 5202 exhalavit
1476 5141 1533 5202 die
1551 5160 1601 5219 27.
1620 5139 1700 5204 Oct.
1722 5146 1811 5203 1800.

1193 5280 1399 5362 Sequuntur
1415 5280 1491 5342 eius
1504 5280 1638 5362 scripta
1651 5281 1750 5364 typis
1767 5283 1921 5363 impressa

1108 5415 1143 5465 et
1160 5403 1417 5484 manuscripta:
