4222 6106
935 214 1216 298 „461-

181 413 390 494 gymnasio
401 411 688 493 Clagenfurtensi
701 412 760 473 vel
772 409 1032 475 San-Paulano
1072 442 1076 565 ς
1115 414 1216 493 ravit,
1241 413 1381 475 ornavit
1404 425 1440 474 et
1461 411 1701 494 amplificavit,
1726 432 1791 494 pro
1815 411 1946 473 scholis

177 536 315 598 Etiam
333 534 368 596 in
384 533 617 596 universitate
633 533 878 595 Monachiensi
895 536 1033 596 duobus

176 656 395 718 iunioribus
426 654 663 717 confratribus
695 654 834 734 copiam
865 654 950 716 fecit
988 658 1034 716 ad

176 779 489 859 consequendum
513 778 663 858 gradum
686 796 712 837 s.
731 776 933 858 theologiae
952 779 1033 838 doc-

1115 555 1245 597 novum
1277 535 1472 616 exstruxit,
1505 534 1693 615 collegium
1723 531 1945 614 Clagenfurti

1114 658 1262 738 pulchro
1291 667 1326 718 et
1353 657 1426 717 lato
1450 654 1612 717 aedificio
1637 655 1754 726 auxit;
1783 653 1945 716 aedificia

1114 778 1339 859 praediorum
1357 798 1383 840 s.
1401 777 1504 838 Pauli
1528 777 1563 838 in
1584 777 1743 837 Kollnitz
1765 785 1801 837 et
1823 776 1945 837 Zockl-

175 898 292 962 toris
334 897 498 978 Denique
514 897 624 979 libris,
650 917 739 978 quos
763 917 893 979 magno
917 898 1033 979 pretio
1073 880 1075 1019 l
1113 900 1178 962 hof
1191 900 1363 961 incendiis
1378 908 1562 960 consumta
1575 909 1659 978 apte
1676 907 1712 959 et
1724 897 1773 958 rei
1791 896 1945 957 rusticae

178 1020 432 1102 comparavit,
454 1027 489 1081 et
511 1039 531 1079 a
552 1018 816 1100 professoribus
833 1019 1032 1100 comparari

180 1141 374 1224 permisit,
395 1140 591 1202 litterarum
612 1141 731 1201 studia
747 1140 839 1202 inter
855 1160 938 1203 suos
954 1161 1035 1221 pro-

179 1262 322 1326 movit.
346 1260 511 1325 Scholam
533 1263 741 1343 popularem
762 1282 788 1324 s
805 1262 909 1324 Pauli
930 1263 1035 1325 tertia

184 1393 229 1447 et
254 1392 386 1465 quarta
407 1384 520 1445 classe
544 1384 660 1452 auxit:
686 1403 731 1445 ex
758 1384 867 1445 Tiroli
891 1385 1035 1446 vocavit

184 1512 207 1568 3
219 1524 370 1567 sorores
381 1505 580 1566 scholarum
594 1505 707 1566 dictas
720 1504 782 1566 ΙΙΙ.
800 1506 872 1567 ord.
887 1524 914 1566 s.
926 1504 1035 1566 Fran-

188 1627 297 1708 cisci,
312 1645 404 1707 quae
416 1626 556 1688 scholas
569 1626 765 1706 puellarum
779 1645 805 1688 s
819 1627 921 1687 Pauli
933 1646 1036 1708 rege·

188 1757 278 1812 rent
307 1757 344 1810 et
370 1747 510 1828 puellas
538 1767 617 1808 cum
646 1747 825 1810 exercitiis
852 1748 1035 1830 religionis

192 1871 310 1932 etiam
332 1879 427 1931 artes
448 1869 663 1931 domesticas
685 1871 863 1931 docerent.
889 1869 1035 1931 Anima·

192 2012 276 2054 rurn
290 2011 411 2053 curam
423 1990 543 2074 magni
556 1992 702 2071 habens,
716 1992 864 2052 verbum
878 1991 1035 2053 divinum

195 2113 279 2194 ipse
297 2114 411 2173 abbas
428 2112 595 2193 frequens
612 2112 834 2191 praedicavit
859 2121 895 2174 et
920 2112 953 2173 in
976 2112 1035 2173 tri-

194 2233 323 2295 bunali
336 2252 437 2295 sacro
449 2233 620 2295 consedit.
644 2232 783 2294 Dilexit
796 2234 960 2294 decorem
975 2235 1036 2294 do·

199 2374 281 2417 mus
300 2354 366 2436 dei,
384 2365 420 2417 et
436 2355 624 2417 ecclesiam
647 2355 851 2417 monasterii
876 2365 911 2417 et
932 2374 1035 2436 paro-

199 2477 303 2540 chiae
328 2486 364 2539 et
388 2475 719 2559 Clagenfurtensem
744 2477 891 2538 interius
916 2485 952 2538 et
976 2495 1036 2538 ex-

200 2599 314 2662 terius
326 2598 549 2679 restauravit,
559 2597 805 2679 pulcherrimis
823 2597 1036 2678 imaginibus

201 2732 238 2783 et
252 2721 382 2783 statuis
399 2720 548 2800 ornavit,
574 2730 609 2781 et
633 2721 749 2780 locum
771 2739 835 2801 pro
858 2721 965 2780 choro
986 2717 1036 2779 sic

202 2844 300 2905 dicto
321 2841 463 2903 hiemali
485 2841 669 2922 eleganter
693 2840 841 2921 aptavit.
871 2839 1037 2921 Agricul-

201 2974 305 3026 turae
321 2971 358 3024 et
373 2962 424 3024 rei
439 2961 628 3042 pecuariae
646 2971 722 3024 erat
734 2961 871 3042 peritus
885 2972 921 3024 et
932 2962 1037 3023 valde

201 3085 400 3157 studiosus;
415 3083 556 3163 utrique
568 3082 719 3164 provide
732 3083 889 3164 inspexit
902 3083 1037 3162 optimo

201 3226 382 3288 successu,
400 3215 439 3267 ut
455 3205 608 3268 societas
630 3205 771 3286 agraria
784 3204 1038 3266 Vindobonen-
1075 3227 1078 3252 ι

200 3330 262 3410 siS,
287 3329 476 3391 iuvencum
501 3346 520 3388 e
544 3326 685 3388 stabulo
707 3347 732 3387 s
750 3325 853 3387 Pauli
876 3324 1037 3406 proposi-

184 3464 278 3538 tum
301 3451 525 3530 collaudem,
550 3448 685 3510 miserit
708 3456 886 3510 monetam
910 3467 1037 3530 argen-

200 3585 310 3637 team.
331 3570 563 3652 Pomologiae
577 3580 653 3632 erat
666 3570 944 3643 amantissimus;
962 3568 1038 3630 ubi·

202 3714 275 3777 que
307 3694 527 3755 conserendo
558 3691 734 3773 pomaria,
766 3701 879 3772 totum
913 3710 1037 3772 agrum

203 3815 423 3878 monasterio
439 3812 661 3875 adiacentem
679 3812 781 3893 quasi
796 3813 937 3904 hortum
954 3811 1038 3874 effe·

202 3939 262 4001 cit.
287 3937 334 3999 Et
353 3935 508 3999 societas
529 3933 671 4016 agraria
687 3932 909 4013 Carinthiae,
932 3952 1039 4013 poma

204 4059 457 4124 San-Paulana
471 4057 605 4138 optima
624 4066 660 4117 et
676 4056 912 4137 pulcherrima
929 4075 1038 4137 agno-

205 4201 321 4263 scens,
332 4178 718 4261 ann01862praemium
728 4179 879 4258 primum
890 4178 1038 4239 s.Paulo

205 4302 435 4367 adiudicavit.
448 4301 660 4381 Exemplum
668 4300 736 4361 hoc
747 4299 924 4381 agricolas
933 4297 1037 4360 vallis

205 4424 428 4489 Lavantinae
450 4425 496 4485 ad
513 4441 696 4510 pomorum
713 4422 884 4483 culturam
902 4420 1036 4483 excita-

204 4550 287 4627 bat,
312 4555 350 4606 ut
374 4562 541 4606 successu
568 4542 739 4622 temporis
763 4561 809 4603 ex
833 4541 1038 4603 venditione

204 4687 391 4751 pomorum
408 4665 598 4747 quotannis
611 4685 778 4747 magnum
793 4665 927 4726 lucrum
944 4663 1038 4725 face-

205 4799 295 4853 rent.
320 4788 436 4850 Etiam
454 4787 568 4849 vineis
584 4806 697 4869 prope
714 4787 945 4868 Marburgam
962 4784 1039 4847 sitis

205 4921 304 4975 recte
329 4911 505 4991 colendis,
530 4909 733 4971 melioribus
758 4908 891 4970 vitibus
916 4926 1040 4970 conse-

170 5043 173 5046 ’
205 5033 327 5097 rendis
349 5042 385 5094 et
405 5030 616 5113 ampliandis
639 5032 785 5092 multam
807 5049 925 5091 curam
941 5027 1040 5089 adhi-

205 5155 294 5217 buit.
309 5152 523 5216 Aedificium
536 5152 741 5214 monasterii
754 5171 781 5213 s.
789 5151 892 5213 Pauli
905 5159 1040 5212 restau-

1115 1022 1367 1084 convenienter
1384 1021 1509 1082 iterum
1527 1018 1744 1081 aedificavit:
1766 1029 1874 1099 atque
1891 1018 1945 1079 his

1116 1145 1277 1206 omnibus
1294 1147 1385 1206 bene
1403 1143 1568 1224 peractis
1590 1144 1634 1203 de
1657 1141 1893 1203 confratribus
1911 1151 1946 1202 et

1115 1267 1330 1328 monasterio
1343 1266 1476 1347 optime
1489 1264 1697 1345 promeruit;
1712 1283 1821 1343 quare
1835 1263 1944 1343 princ.

1115 1388 1307 1469 episcopus
1339 1387 1558 1448 Lavantinus
1590 1406 1669 1447 eum
1700 1386 1944 1464 honoraturus

1115 1512 1283 1571 abbatem
1300 1510 1562 1571 Ferdinandum
1580 1507 1816 1569 consiliarium
1833 1505 1945 1568 consi-

1116 1633 1214 1694 storii
1238 1632 1443 1711 nominavit,
1468 1642 1503 1693 et
1527 1630 1719 1710 imperator
1735 1627 1946 1689 Franciscus

1115 1754 1289 1834 Iosephus
1308 1753 1463 1833 equitem
1481 1752 1614 1813 ordinis
1636 1769 1788 1812 coronae
1808 1749 1945 1811 ferreae

1116 1877 1177 1938 ΙΙΙ.
1196 1875 1321 1937 classis
1338 1874 1552 1956 designavit.
1577 1874 1662 1934 Erat
1680 1872 1812 1932 sodalis
1834 1869 1945 1931 socie·

1117 2008 1228 2061 tatum
1255 1997 1473 2079 agrariarum
1498 1994 1718 2072 Carinthiae,
1743 1991 1885 2074 Styriae
1910 2000 1946 2050 et

1117 2119 1287 2198 Goritiae,
1304 2129 1339 2180 et
1357 2117 1546 2179 historicae
1560 2114 1774 2177 Carinthiae.
1798 2114 1947 2175 Praeter

1116 2242 1256 2323 linguas
1272 2241 1438 2320 antiquas
1456 2238 1634 2318 classicas,
1649 2257 1738 2317 quas
1752 2236 1857 2297 valde
1871 2232 1947 2294 dili·

1116 2366 1237 2446 gebat,
1251 2361 1424 2424 Gallicam
1442 2373 1477 2423 et
1490 2360 1651 2421 Italicam
1667 2366 1893 2439 perceperat;
1912 2364 1947 2415 et

1117 2488 1162 2548 ad
1180 2486 1304 2547 tibiam
1318 2496 1353 2546 et
1366 2484 1495 2545 violam
1514 2501 1651 2561 canere,
1670 2478 1946 2541 clavichordium

1117 2618 1282 2687 tractare,
1301 2607 1408 2668 etiam
1425 2607 1538 2665 abbas
1555 2603 1646 2664 inter
1663 2621 1764 2663 sacra
1781 2599 1869 2661 tibia
1886 2608 1947 2659 aut

1116 2730 1212 2792 viola
1236 2737 1449 2809 cooperatus
1473 2737 1537 2788 est.
1569 2726 1742 2807 Hydrope
1770 2723 1946 2799 laboranS,

1118 2852 1193 2913 eius
1208 2850 1389 2912 molestias
1399 2849 1577 2928 patienter
1586 2845 1774 2922 sustinenS,
1788 2842 1854 2903 rite
1866 2860 1947 2920 pro-

1117 2974 1214 3034 visus
1239 2973 1296 3033 die
1322 2993 1371 3033 22.
1394 2971 1498 3032 Mart.
1527 2973 1605 3030 1866
1630 2966 1770 3047 placide
1795 2963 1947 3025 animam

1118 3093 1263 3156 efflavit.
1287 3095 1373 3155 Erat
1387 3094 1500 3154 abbas
1513 3093 1686 3152 humanus
1699 3106 1740 3149 ac
1754 3086 1946 3162 modestuS,

1118 3217 1289 3280 sollicitus
1303 3226 1338 3277 et
1351 3215 1508 3296 prudens
1521 3222 1624 3292 pater
1636 3208 1798 3287 familias,
1815 3205 1948 3267 ordinis

1118 3358 1144 3401 a.
1155 3338 1342 3401 Benedicti
1360 3354 1493 3415 amanS,
1510 3334 1677 3395 sacerdos
1691 3329 1784 3391 omni
1801 3345 1947 3388 venera-

1119 3461 1214 3523 tione
1232 3460 1371 3541 dignus

1207 3606 1422 3688 Sequuntur,
1440 3624 1531 3686 quae
1548 3603 1647 3682 prelo
1664 3597 1842 3661 submisit:

1204 3762 1227 3816 l.
1252 3760 1407 3832 Nekrolog
1430 3758 1484 3813 des
1507 3754 1603 3811 Abtes
1630 3772 1699 3809 vom
1724 3750 1948 3806 Benedictiner·
2000 3736 2005 3744 ’

1119 3865 1208 3923 Stifte
1225 3864 1269 3922 St.
1287 3865 1361 3920 Paul
1385 3867 1422 3919 im
1445 3859 1644 3918 Lavantthale
1668 3856 1804 3913 Meinrad
1820 3854 1947 3918 Amann,

1120 3970 1373 4027 Karntnerischen
1401 3965 1612 4023 Landstandes
1641 3961 1700 4017 und
1727 3958 1947 4017 Verordneten.

1119 4072 1148 4151 (i.
1170 4094 1195 4131 e.
1221 4075 1435 4148 Necrologium
1460 4066 1600 4147 abbatis)
1628 4063 1823 4139 Klagenfurt‚
1857 4061 1947 4133 1840,

1119 4179 1269 4254 gcdruckt
1292 4177 1340 4234 bei
1366 4175 1536 4233 Ferdinand
1562 4173 1659 4229 Edlen
1683 4190 1742 4227 von
1767 4169 1948 4238 Kleinmayr.

1124 4301 1159 4357 14
1177 4304 1205 4360 p.
1224 4284 1266 4340 8⁰.

1210 4407 1247 4461 ll.
1284 4405 1383 4459 Kurze
1419 4399 1602 4457 Geschichte
1638 4397 1690 4451 des
1727 4391 1949 4464 Herzogthums

1120 4514 1263 4567 Karnten.
1285 4505 1314 4584 (i.
1336 4525 1362 4562 e.
1385 4507 1520 4560 Ducatus
1537 4501 1709 4558 Carinthiae
1730 4496 1833 4552 brevis
1854 4495 1948 4549 histo·

1120 4611 1184 4692 ria.)
1200 4613 1254 4669 Als
1272 4612 1401 4683 Anhang
1416 4629 1468 4664 zur
1485 4605 1668 4664 Geschichte
1685 4603 1739 4658 des
1756 4599 1948 4656 dsterreichi·

1119 4719 1212 4775 schen
1235 4718 1467 4772 Kaiserstaates.
1493 4711 1592 4775 Wien‚
1615 4707 1663 4765 bei
1685 4704 1716 4762 S.
1734 4706 1830 4761 Anna.
1857 4702 1948 4774 1843.

1120 4837 1161 4895 50
1178 4842 1206 4897 p.
1224 4821 1267 4878 8⁰.
1378 4810 1379 4813 ¹

1207 4943 1257 4998 lll.
1281 4939 1405 5013 Predigt
1426 4958 1477 4993 zur
1494 4937 1601 4994 Weihe
1619 4936 1702 4990 eines
1719 4949 1816 4987 neuen
1832 4929 1948 4984 Altars·

1120 5047 1240 5103 blattes.
1258 5042 1399 5123 (Sermo)
1417 5040 1605 5117 Klagenfurt‚
1624 5036 1772 5112 gedruckt
1783 5034 1832 5091 bei
1847 5031 1950 5089 Ferdi-

1122 5151 1199 5206 nand
1216 5150 1312 5206 Edlen
1328 5167 1387 5203 von
1406 5148 1588 5218 Kleinmayr.
1611 5142 1700 5214 1843.
1723 5155 1759 5211 14
1777 5159 1805 5214 p.
1823 5139 1865 5196 8⁰.
