4222 6106
891 508 933 517 —
978 470 1135 532 XXXII
1180 507 1221 516 -

187 698 453 779 Tuschkaviae,
485 718 591 778 quam
619 700 698 775 1384
722 717 743 759 a
767 697 909 759 domino
933 698 1088 778 quodam
1112 697 1157 757 de
1181 693 1407 759 Schwihavia
1430 703 1621 776 acceperat
1637 694 1670 776 ¹),
1698 714 1793 757 nova
1816 693 1927 758 domi-

187 837 267 898 cilia
291 836 484 899 constituit.
524 835 779 917 Opatrovicum
807 835 960 897 maxime
988 835 1025 897 in
1048 832 1175 897 Silesia
1199 834 1348 896 colenda
1370 835 1599 905 versabatur;
1631 833 1682 895 ibi
1706 831 1927 896 Grissaviam
2021 857 2024 861 ’

186 975 470 1056 praeposituram
502 972 651 1054 creavit,
683 993 704 1035 a
735 973 885 1037 Silesiae
917 975 1007 1035 duce
1036 972 1207 1053 HenricO,
1237 970 1310 1034 filio
1343 992 1371 1036 s.
1398 971 1600 1055 Hedwigis,
1636 992 1718 1050 1240
1746 972 1927 1036 conditam

187 1122 224 1175 et
252 1111 527 1174 Neumarckium
559 1133 580 1174 a
610 1132 637 1174 s.
668 1111 845 1193 Hedwige
880 1131 961 1189 1244
992 1110 1133 1174 circiter
1163 1120 1399 1192 exstructum,
1430 1120 1538 1190 atque
1566 1109 1847 1192 Wahlstadium,
1880 1113 1927 1174 ab

187 1253 312 1313 eadem
342 1263 466 1313 sancta
493 1250 653 1331 principe
681 1252 807 1313 eodem
834 1251 912 1313 loco
940 1249 1180 1332 aedificatum,
1211 1268 1281 1330 quo
1308 1249 1485 1311 Henricus
1513 1247 1607 1311 filius
1633 1248 1774 1311 fortiter
1802 1260 1927 1313 contra

186 1387 573 1470 Mougolos'dimicans
600 1387 779 1451 ceciderat
793 1389 827 1467 ²).
871 1389 912 1450 In
939 1387 1112 1450 Bohemia
1137 1389 1205 1450 hoc
1232 1387 1423 1468 impigrum
1451 1397 1487 1450 et
1514 1388 1722 1468 opulentum
1748 1398 1926 1450 monaste-

185 1527 275 1588 rium
293 1526 486 1606 Albipolim
505 1526 738 1607 (Hohenelbe)
756 1537 792 1588 et
808 1526 997 1588 Baszinum
1017 1525 1286 1608 praeposituras
1303 1525 1463 1588 condidit
1475 1527 1510 1606 ³).
1542 1525 1806 1607 Wilemovium,
1830 1528 1926 1607 quod

191 1671 270 1746 1278
295 1685 364 1728 non
388 1664 503 1727 minus
531 1669 591 1726 180
613 1665 776 1727 monachi
799 1664 988 1727 incoluisse
1013 1665 1195 1746 dicuntur,
1229 1665 1289 1745 qui
1319 1664 1573 1727 monasterium
1605 1685 1627 1726 a
1654 1663 1826 1728 militibus
1848 1665 1926 1729 Ru-

187 1803 307 1885 dolphi
331 1801 624 1883 Habsburgensis
648 1801 899 1882 defendebant,
923 1801 1121 1864 Uhercicae
1144 1801 1180 1863 in
1203 1801 1366 1864 Moravia
1390 1807 1472 1881 1430
1495 1803 1781 1884 praeposituram
1805 1805 1925 1867 condi·

186 1942 288 2003 derat
296 1943 331 2020 ⁴).
370 1939 551 2002 Abbatiae
568 1939 809 2002 Podlacicium
824 1959 867 2002 ac
883 1958 910 2000 s
927 1939 1095 2020 Procopii
1110 1940 1157 2000 ad
1174 1938 1357 2003 Sazawam
1375 1959 1455 2002 curn
1472 1942 1722 2022 praepositura
1738 1942 1925 2023 Zbejsovio

186 2100 213 2142 s.
238 2079 362 2142 loanni
386 2078 574 2159 Baptistae
598 2078 778 2158 dedicata,
811 2087 847 2139 et
870 2076 1076 2141 Ostrovium
1100 2098 1315 2158 quamquam
1344 2080 1390 2140 ab
1417 2078 1477 2160 iis,
1511 2098 1603 2160 quae
1631 2098 1739 2160 supra
1766 2080 1925 2143 nomina·

186 2217 311 2298 vimus,
336 2216 559 2280 monasteriis
583 2217 876 2294 obscurabantur,
900 2224 1018 2277 tamen
1043 2214 1161 2277 officio
1185 2234 1249 2277 suo
1272 2235 1343 2278 non
1366 2217 1526 2278 deerant.
1558 2215 1675 2278 Etiam
1699 2218 1810 2280 Porta
1825 2219 1924 2300 Apo·

186 2358 355 2418 stolorum
372 2355 529 2418 colonias
546 2354 704 2417 deduxit.
737 2355 796 2416 Ab
812 2353 1120 2437 hocmonasteriO,
1139 2355 1233 2435 quod
1249 2355 1329 2434 plus
1346 2363 1488 2417 centum
1505 2356 1668 2418 monachi
1684 2359 1751 2418 sub
1768 2357 1925 2440 egregiis

186 2495 376 2557 abbatibus
393 2494 575 2557 Zbinkone
593 2496 832 2574 (1341-1350)
849 2505 885 2555 et
901 2494 1070 2555 Buskone
1094 2494 1202 2575 (1373)
1227 2493 1439 2575 incolebant,
1464 2495 1644 2557 conditum
1670 2505 1726 2558 est
1747 2482 1923 2578 Zatecum,

186 2655 212 2696 s
238 2633 450 2696 Catharinae
474 2633 676 2695 dedicatum
701 2631 820 2715 (Saatz
844 2633 941 2713 quod
962 2632 1069 2694 hodie
1093 2633 1237 2712 dicunt),
1261 2631 1510 2696 Claustrellum
1533 2634 1800 2717 praepositura,
1832 2655 1924 2718 quae

186 2771 256 2833 iam
285 2791 363 2850 1277
388 2774 434 2833 ab
460 2770 631 2834 Ottocaro
654 2770 698 2832 ΙΙ.
731 2770 903 2833 dissoluta
933 2779 1005 2852 est,
1038 2768 1136 2832 Cella
1163 2770 1289 2832 ianuae
1317 2770 1414 2833 vitae
1447 2790 1560 2852 prope
1584 2773 1743 2835 Montem
1766 2774 1924 2855 Aposto-

185 2912 309 2991 lorum,
333 2929 425 2990 quae
449 2930 541 2972 nunc
564 2909 813 2971 Weberschau
836 2916 892 2971 est
906 2909 941 2988 5).
984 2908 1041 2969 Ex
1064 2907 1278 2970 monasterio
1302 2909 1457 2990 denique
1482 2929 1509 2973 S.
1533 2910 1675 2974 Ioannis
1700 2910 1921 2975 Ostroviensi

186 3048 394 3130 prodierunt
417 3047 582 3129 Vilicum,
606 3045 821 3128 Schlanium,
846 3047 967 3127 Zatou,
992 3046 1232 3108 Teschlinium
1255 3048 1526 3129 praepositurae
1541 3049 1576 3129 ⁶).

316 3187 442 3268 Neque
469 3186 586 3249 minus
609 3185 823 3249 monasteria
845 3185 1029 3248 Moraviae
1062 3206 1141 3247 curn
1168 3185 1341 3248 Bohemia
1373 3185 1548 3249 artissime
1579 3187 1769 3252 coniuncta
1798 3189 1923 3252 honori

185 3326 320 3389 ordinis
351 3327 553 3388 studebant.
599 3326 635 3387 A
659 3324 811 3387 Trebico
838 3323 1085 3405 Wolleinium,
1116 3324 1425 3407 Kumrowitzium,
1459 3324 1622 3388 Brisavia
1651 3327 1923 3408 praepositurae

186 3465 350 3529 conditae
374 3475 456 3526 sunt
480 3474 516 3527 et
540 3465 585 3527 ad
609 3431 815 3526 Xloesterle
838 3481 952 3544 prope
976 3461 1187 3544 Schiinberg
1210 3481 1303 3525 nova
1326 3462 1462 3525 ordinis
1486 3465 1591 3526 sedes
1614 3473 1741 3545 parata
1764 3476 1820 3529 est
1835 3466 1869 3545 ⁷).

314 3603 432 3666 Prima
455 3622 540 3665 vero
564 3610 667 3682 parte
690 3601 823 3665 saeculi
840 3599 968 3662 decimi
985 3600 1102 3681 quarti
1125 3619 1195 3663 non
1212 3601 1325 3663 minus
1342 3601 1377 3663 in
1393 3601 1577 3683 Bohemia,
1593 3602 1766 3685 Moravia,
1783 3602 1921 3686 Silesia,

185 3763 291 3822 quarn
315 3742 350 3803 in
373 3741 518 3822 reliquis
541 3740 679 3822 imperii
704 3739 885 3802 Austriaci
908 3740 1072 3821 partibus
1096 3759 1175 3802 cum
1198 3759 1245 3802 ex
1269 3741 1482 3803 turbulentis
1507 3742 1729 3822 temporibus
1752 3753 1827 3805 tum
1851 3764 1922 3806 ma·

183 3880 280 3942 xime
297 3900 342 3942 ex
359 3881 525 3961 neglecta
540 3879 622 3960 lege
638 3879 861 3960 paupertatis
885 3878 1095 3960 disciplinae
1118 3879 1293 3941 severitas
1308 3881 1475 3961 resoluta,
1499 3888 1535 3942 et
1556 3880 1657 3943 nervi
1672 3881 1806 3943 ordinis
1822 3882 1922 3944 incisi

185 4027 277 4080 sunt.
307 4018 442 4079 Verum
458 4036 501 4079 eo
521 4036 662 4098 quoque
678 4017 890 4097 providente
906 4018 992 4079 sede
1008 4017 1209 4099 apostolica
1229 4018 1376 4099 spiritus
1399 4039 1445 4082 ss.
1463 4019 1581 4081 Patris
1596 4019 1711 4082 rediit.
1742 4021 1818 4083 Iam
1836 4019 1922 4084 Gre-

186 4154 307 4236 gorius
324 4154 390 4217 IX.
420 4159 498 4216 1235
519 4153 643 4216 abbati
659 4153 917 4216 Breunoviensi
938 4165 974 4218 et
991 4154 1238 4218 Cladrubiensi
1261 4156 1511 4240 imperaverat,
1535 4168 1575 4221 ut
1590 4176 1713 4220 omnes
1729 4158 1923 4222 Bohemiae

185 4294 336 4355 abbates
359 4293 405 4354 ad
429 4293 623 4374 capitulum
647 4291 780 4355 ordinis
803 4302 1050 4356 convocarent.
1089 4294 1189 4356 Idem
1218 4293 1452 4362 ,Innocentius
1477 4295 1538 4357 IV.
1573 4299 1653 4374 1246
1684 4296 1875 4379 imperavit
1889 4296 1924 4378 8).

185 4483 496 4495 ———-—.

316 4616 336 4697 ¹)
359 4618 452 4673 Frind
476 4617 494 4673 l.
520 4637 545 4674 c.
570 4618 607 4673 ΙΙ.

314 4728 337 4809 ²)
361 4730 473 4796 Dudik‚
498 4731 641 4804 Raigern,
666 4730 688 4786 I.

315 4840 338 4922 ³)
362 4843 455 4899 Frind
479 4842 496 4899 l.
523 4862 548 4899 c.
574 4843 610 4899 II.

316 4953 338 5032 4)
361 4957 453 5013 Frind
478 4958 496 5012 1.
522 4975 548 5013 c.
573 4957 611 5012 11.

293 5066 337 5145 .⁵)
361 5069 452 5125 Frind
476 5069 494 5125 l.
519 5089 545 5125 c.
571 5070 608 5125 II.

315 5174 337 5256 6)
361 5179 570 5254 Ziegelbauer‚
595 5181 733 5237 Historia
756 5181 929 5237 monasterii
953 5181 1104 5237 Bievuov.

316 5289 338 5369 7)
363 5291 472 5357 Dudik‚
498 5293 629 5367 Raigern
654 5293 672 5350 Ι.
696 5312 723 5349 c.

316 5397 339 5482 ⁸)
363 5404 535 5461 Chronicon
559 5406 795 5461 Bievnoviense.
