4252 6112
277 669 329 723 XI.
354 669 410 724 Die
427 668 616 725 hetrurische
633 668 772 725 lnschrift
789 666 829 724 ob
847 667 1020 724 Wiirmlach

191 775 220 829 in
237 771 459 829 Oberkarnten.
478 769 507 850 (i.
525 791 552 829 e.
569 773 730 848 Inscriptio
747 773 907 829 Etruscica
924 789 1021 848 prope

192 877 366 934 Wiirmlach
400 880 430 933 in
465 877 619 934 Carinthia
649 875 821 956 superiori.)
857 876 1020 943 Carinthia,

192 997 221 1056 9·
237 982 341 1058 labra·
364 980 454 1053 1858·
472 983 528 1038 No·
546 999 575 1056 9·
593 1002 623 1059 n·
640 997 779 1055 ss—ss·
797 981 839 1040 8⁰·

181 1074 183 1078 Α
278 1087 346 1142 XII.
371 1088 431 1142 Zur
452 1086 636 1143 Geschichte
657 1087 711 1143 der
730 1087 895 1143 deutschen
915 1086 1022 1142 Mund-

192 1204 287 1248 arten.
301 1188 330 1269 (i.
341 1210 367 1247 e.
378 1191 425 1248 Ad
438 1192 594 1248 historiam
607 1191 802 1249 dialectorum
816 1193 934 1266 linguae
944 1191 1022 1247 Ger·

195 1294 351 1374 manicae.)
368 1296 530 1353 Carinthia.
547 1298 602 1352 No.
622 1311 672 1369 25.
689 1316 719 1372 p.
737 1311 875 1370 97-99.

278 1401 360 1456 XIII.
389 1401 446 1456 Die
471 1399 587 1457 Grasen
610 1420 670 1457 von
694 1400 843 1457 Widman.
872 1398 902 1478 (i.
924 1420 949 1457 e.
975 1401 1023 1456 De

192 1502 351 1562 comitibus
368 1502 532 1583 Widman.)
547 1505 631 1562 Nach
648 1508 730 1561 einer
746 1505 941 1562 Handschrist
956 1507 1023 1561 mit·

192 1609 327 1685 getheilt.
355 1609 518 1676 carinthia,
550 1608 640 1681 1858.
668 1610 724 1666 No.
749 1623 800 1680 32.
824 1624 876 1681 55.
897 1624 949 1682 34.
970 1623 1022 1682 35.

193 1712 245 1787 36·
263 1730 313 1786 44·

278 1819 358 1875 XIV.
377 1819 433 1874 Die
451 1819 614 1875 Walschen
631 1820 659 1873 in
677 1818 730 1874 der
746 1818 837 1892 Sage.
854 1815 884 1896 (i.
898 1837 925 1874 e.
939 1818 1023 1874 Wal-

193 1923 278 1979 lones
291 1925 319 1978 in
330 1923 432 1997 mytho
441 1920 635 2001 Cariathiae.)
645 1923 806 2001 Carinthia,
815 1923 918 1999 Jahrg.
933 1920 1022 1994 1865.

193 2028 250 2084 No.
273 2043 297 2083 1.
315 2047 344 2103 p.
362 2025 499 2100 57-66.
517 2047 563 2102 gr.
581 2026 624 2084 8⁰.

279 2132 344 2189 XV.
362 2128 464 2188 Ueber
479 2131 527 2187 die
543 2131 758 2188 altslavischen
774 2131 978 2188 Alterthiimer
994 2134 1023 2186 in
1062 2116 1065 2227 )

194 2238 339 2293 Karnten.
365 2232 394 2313 (i.
417 2254 443 2292 e.
466 2237 512 2292 De
533 2235 761 2311 antiquitatibus
782 2235 911 2293 Slavicis
935 2254 1024 2312 prae·
1062 2241 1065 2339 1
1104 2243 1213 2306 simus
1229 2246 1317 2307 haec
1334 2244 1460 2308 edidit:

193 2343 345 2398 historicis
369 2343 397 2396 in
419 2338 593 2419 Carinthia.)
617 2342 779 2408 Carinthia,
806 2339 895 2413 1865.
919 2341 976 2396 N0.
994 2339 1022 2397 8.

196 2464 226 2521 p·
244 2443 425 2516 318—330·

1027 476 1099 526 100
1154 499 1202 507 -

1102 661 1240 723 emissis
1257 660 1314 722 die
1336 683 1363 724 1.
1379 662 1467 741 Apr.
1489 664 1569 739 1859
1591 661 1683 722 votis
1703 661 1932 724 sollemnibus

1102 793 1138 845 et
1154 783 1280 845 studiis
1297 803 1324 847 s.
1334 784 1536 866 theologiae
1549 783 1722 846 absolutis
1736 783 1793 844 die
1808 790 1857 847 zo.
1869 784 1931 846 lul.

1106 909 1184 984 1887
1199 907 1389 987 presbyter
1397 905 1579 968 ordinatus
1593 915 1657 968 est.
1675 910 1840 984 1837-38
1855 926 1932 968 ora-

1102 1037 1158 1089 tor
1173 1046 1194 1088 a
1210 1025 1321 1088 saeris
1337 1026 1372 1089 in
1384 1036 1503 1089 monte
1515 1047 1553 1109 3.,
1571 1031 1737 1106 1858-48
1752 1028 1934 1108 professor

1102 1168 1223 1230 gymn.
1233 1148 1374 1230 laurini,
1392 1147 1751 1231 1843-47811180011,
1765 1154 1933 1229 1847-49

1103 1269 1284 1351 professor
1300 1269 1482 1333 1100111088
1498 1270 1680 1353 religionis
1697 1270 1732 1333 in
1750 1271 1935 1333 academia

1103 1391 1327 1473 Posoniensi,
1364 1396 1530 1470 1849-50
1557 1401 1676 1455 018101
1706 1413 1727 1453 8
1757 1392 1867 1454 380113
1899 1392 1935 1453 10

1103 1523 1222 1577 monte
1250 1533 1292 1595 s.,
1325 1518 1487 1577 1850-51
1524 1513 1655 1604 ibidem
1687 1513 1868 1594 professor
1899 1526 1935 1575 et

1104 1636 1342 1718 promagister
1360 1635 1587 1717 novitiorum,
1611 1639 1778 1697 1851-66
1798 1635 1935 1715 profes·

1103 1777 1161 1820 sor
1183 1757 1324 1839 laurini,
1353 1761 1521 1837 1866-70
1549 1758 1666 1819 denuo
1690 1757 1872 1836 professor
1899 1767 1934 1819 et

1103 1880 1342 1962 promagister
1361 1880 1574 1943 novitiorum
1595 1879 1629 1941 in
1646 1900 1673 1943 3.
1690 1889 1821 1960 010018,
1843 1899 1934 1941 01100

1062 2026 1064 2051 ÷
1104 2000 1316 2064 Comaromii
1331 2001 1403 2064 otio
1419 2001 1555 2066 fruitur.

1190 2122 1255 2183 Vir
1269 2122 1466 2185 litterarum
1478 2123 1554 2187 Lat.
1568 2134 1604 2186 et
1617 2125 1736 2206 Hung.
1751 2124 1936 2186 studiosis-

1190 2371 1213 2426 1.
1231 2352 1288 2444 sgr
1306 2370 1376 2427 rant.
1397 2372 1511 2446 vagyrs
1528 2371 1652 2445 egyhazi
1669 2372 1796 2440 anerei,
1814 2371 1937 2427 1111081

1062 2498 1065 2537 ι
1104 2474 1137 2530 ds
1153 2473 1340 2549 imadsagok.
1364 2474 1392 2530 A
1408 2475 1509 2531 1801116
1533 2474 1642 2550 iljusag
1664 2475 1788 2551 egyhazi
1810 2475 1936 2532 11831011-

280 2555 400 2628 FOffa
431 2568 728 2630 Bonaventura
754 2565 1024 2649 (Mum-Grie·
1062 2546 1065 2661 )
1105 2575 1247 2656 latara.(i.
1260 2571 1534 2653 e.Lyra'caelestis
1547 2579 1583 2635 ad
1599 2600 1683 2637 usum
1696 2583 1858 2636 iuventutis
1872 2593 1936 2635 stu-

193 2685 355 2766 sensis),
377 2695 481 2746 natus
498 2684 706 2747 Monasterii
731 2685 767 2746 10
788 2683 946 2746 Rhaetia
967 2684 1024 2745 die
1062 2690 1065 2765 1

194 2827 244 2884 24.
261 2806 356 2888 Aug.
378 2809 468 2885 1828,
489 2806 625 2868 Merani
644 2806 780 2869 studuit
801 2816 837 2868 et
859 2806 1024 2867 absoluto
1062 2806 1066 2901 )

192 2927 381 3012 gymnasio
402 2927 591 3009 ingressus
612 2928 771 2990 ordinem
791 2948 817 2991 s.
839 2926 1026 3013 Benedicti

192 3059 278 3113 vota
301 3048 417 3111 emisit
440 3049 623 3112 sollemnia
648 3049 705 3111 die
735 3053 782 3111 16.
804 3014 907 3130 SepF.
933 3053 1024 3127 1849.

193 3170 371 3236 Sacerdos
399 3171 633 3253 inauguratus
661 3172 718 3233 die
744 3177 794 3234 51.
821 3172 915 3253 Aug.
943 3174 1020 3233 1851

193 3313 276 3356 mox
294 3295 421 3355 docere
434 3292 568 3373 incepit
580 3293 767 3355 mathesim
780 3303 816 3355 et
828 3292 1023 3375 physicam,

61 3412 72 3429 ”
193 3425 321 3498 postea
341 3435 427 3477 vero
448 3414 656 3496 disciplinas
677 3415 899 3497 theologicas
915 3414 1024 3477 tradi-

194 3539 247 3602 dit
264 3538 300 3600 in
316 3537 541 3601 monasterio
565 3537 777 3599 Parochiam
795 3536 1024 3599 Griesensem

194 3680 265 3741 qua
285 3658 439 3721 vicarius
460 3658 731 3739 administravit,
757 3663 836 3720 1856
858 3658 1025 3735 magister

194 3779 406 3843 novitiorum
429 3790 464 3841 et
485 3780 659 3861 subprior,
686 3785 766 3843 1860
787 3782 943 3843 decanus
964 3800 1025 3842 no·

195 3901 348 3963 minatus
364 3912 428 3981 est,
449 3901 584 3963 muneri
606 3902 757 3964 docendi
779 3921 920 3982 semper
942 3901 1026 3963 insi·
1062 3894 1067 4027 )

195 4035 304 4085 31803.
318 4022 434 4103 Plura,
445 4022 729 4102 quaehistoriam
739 4034 943 4104 statumque
953 4043 1025 4086 mo·
1063 4042 1066 4057 ·

197 4144 345 4207 08818111
360 4143 564 4223 respiciunt,
582 4145 736 4225 collegit.

283 4265 380 4326 Inter
397 4264 466 4325 alia
482 4264 625 4345 scripsit
642 4265 763 4327 etiam:

285 4391 307 4446 l.
325 4391 542 4446 Instructiones
559 4408 615 4465 pro
633 4392 753 4447 novitiis
766 4404 796 4445 et
809 4389 949 4447 fratribus
963 4391 1027 4447 cle·

197 4497 268 4552 ricis
280 4493 437 4571 professis.
451 4501 494 4566 4⁰.
514 4509 572 4566 124
582 4513 622 4568 p„
636 4495 664 4549 in
677 4496 812 4550 instruct.
822 4494 1027 4551 Muto-Gries.

284 4600 323 4655 Il.
340 4599 494 4654 Exercitia
511 4597 672 4655 octiduana
688 4597 865 4673 spiritualia,
887 4600 916 4654 in
936 4599 1028 4654 variis

199 4704 301 4760 fascic.
319 4700 390 4758 ibid.

1105 2681 1232 2760 diosae.)
1245 2680 1341 2757 Gydr.
1357 2682 1446 2756 1841.
1461 2684 1516 2740 Ed.
1532 2700 1577 2741 11.
1590 2682 1685 2760 Gydr.
1696 2685 1829 2740 Fischer.
1845 2684 1935 2756 1872.

1190 2789 1228 2844 ll.
1242 2789 1268 2843 A
1281 2795 1382 2863 gorog
1394 2789 1569 2864 regise'gtan
1581 2790 1668 2846 rovid
1680 2788 1935 2864 egybeloglalata.

1104 2889 1133 2970 (i.
1152 2912 1177 2949 e.
1195 2893 1381 2949 Breviarium
1398 2896 1606 2968 antiquitatum
1625 2891 1746 2972 Graec.)
1768 2893 1794 2949 Α
1812 2913 1937 2968 magyar

1104 2997 1214 3072 iljusag
1230 2997 1446 3054 hasznrilatara.
1464 2999 1555 3055 Buda.
1578 2998 1667 3071 1846.
1686 2998 1728 3055 8⁰.
1750 3014 1807 3072 147
1826 3018 1854 3074 p.

1191 3103 1245 3158 III.
1273 3103 1382 3177 Gordg
1410 3104 1593 3178 regisegtan.
1621 3102 1651 3181 (i.
1677 3123 1702 3159 e.
1732 3103 1937 3178 Antiquitates

1105 3204 1265 3285 Graecae.)
1282 3205 1377 3283 Gydr.
1395 3207 1580 3264 Sauerwein.
1603 3208 1692 3280 1852.
1712 3207 1753 3264 8⁰.
1772 3224 1833 3282 279
1851 3227 1879 3283 p.

1191 3312 1241 3368 IV.
1264 3312 1332 3386 Egy
1353 3312 1480 3367 tekintet
1502 3312 1645 3368 Horatius
1663 3314 1789 3369 Flaccus
1806 3313 1937 3381 Quintus

1105 3415 1247 3473 mliveire.
1271 3413 1301 3493 (i.
1324 3436 1350 3471 e.
1376 3415 1532 3485 Quaedam
1554 3415 1591 3472 de
1613 3415 1795 3473 carminibus
1816 3417 1854 3485 Q.
1872 3417 1938 3472 Ho-

1104 3523 1171 3576 ratii
1181 3517 1302 3598 Flacci).
1313 3521 1345 3576 In
1355 3539 1458 3596 progr.
1468 3522 1576 3576 laurin.
1589 3520 1715 3593 185215.
1726 3528 1768 3594 4⁰.
1778 3541 1808 3596 p.
1818 3536 1900 3593 5-1
1912 3537 1936 3577 1.

1190 3626 1225 3682 V.
1258 3626 1388 3694 Quintus
1419 3625 1564 3681 Horatius
1594 3626 1721 3681 Flaccus
1749 3626 1855 3682 dnekei
1887 3626 1936 3681 IV.

1105 3730 1285 3804 kdnyvenek
1313 3731 1381 3803 9-111
1403 3730 1499 3786 e'neke
1526 3731 1691 3805 magyarul.
1722 3727 1751 3807 (i.
1782 3750 1807 3786 e.
1837 3731 1936 3786 Carm.

1105 3835 1222 3891 Horatii
1247 3834 1265 3890 l.
1289 3835 1338 3891 IV.
1366 3855 1391 3891 c.
1417 3851 1435 3908 9
1460 3837 1487 3890 in
1509 3835 1610 3908 Hung.
1635 3832 1836 3913 conversum.)
1862 3834 1937 3890 Ibid.

1110 3937 1258 4012 1855l56·
1276 3945 1318 4011 4⁰·
1337 3959 1365 4015 r·
1383 3953 1478 4012 3-7·

1192 4044 1242 4100 Vl.
1267 4043 1358 4101 Balde
1373 4043 1480 4120 Jakab,
1497 4064 1515 4100 a
1532 4065 1611 4120 nagy
1628 4045 1815 4101 ne‘met-latin
1840 4041 1937 4101 1111116.

1107 4145 1135 4223 (i.
1153 4168 1179 4204 8.
1197 4149 1243 4204 De
1260 4148 1374 4204 Iacobo
1391 4148 1482 4204 Balde
1498 4147 1611 4227 poeta.)
1629 4148 1703 4205 Ibid.
1726 4147 1874 4222 1859160.
1892 4155 1937 4221 4⁰.

1106 4271 1135 4328 p.
1158 4266 1270 4323 1—23.

1193 4351 1259 4414 VII.
1283 4357 1447 4432 Complura
1471 4359 1536 4414 eius
1560 4361 1690 4413 carmina
1711 4359 1885 4431 Hungarica
1909 4372 1939 4414 et

1108 4461 1336 4518 dissertationes
1353 4463 1483 4517 minores
1499 4464 1529 4517 in
1548 4462 1675 4518 diversis
1698 4461 1805 4519 libellis
1821 4463 1939 4538 period.

1107 4568 1137 4621 in
1152 4566 1249 4621 lucem
1265 4566 1451 4642 prodierunt.

1195 4677 1364 4750 Fbrster
1398 4688 1724 4751 Carolomannus
1761 4688 1940 4771 (Gottvi-

285 4808 337 4863 Ill.
361 4809 560 4863 instrumenta
577 4805 725 4862 bonorum
742 4825 866 4883 operum
883 4809 965 4863 iuxta
981 4825 1029 4862 re·
1066 4776 1069 4897 )
1109 4804 1262 4885 censis)
1281 4805 1315 4867 in
1332 4806 1516 4869 Lindenau
1533 4806 1682 4870 Silesiae
1699 4807 1756 4869 die
1774 4812 1819 4869 15.
1834 4807 1939 4869 Mart.

197 4913 298 4989 gulam
315 4932 340 4968 s.
357 4912 390 4969 P.
408 4911 561 4967 Benedicti
579 4912 717 4987 exposita
734 4924 764 4967 et
780 4911 936 4968 illustrata
955 4908 1029 4966 Ibid.
1066 4902 1070 5041 )
1114 4947 1191 5006 ,722
1219 4928 1506 5010 ῃε,1118,1.101ῃᾶθ
1530 4928 1562 4990 in
1584 4928 1732 4991 Ausffla
1756 4929 1791 4990 in
1813 4929 1941 4990 litteris

285 5039 477 5138 Fojtenyi
514 5051 745 5115 Cassianus
776 5053 1029 5116 Franciscus
1067 5047 1070 5137 1
1110 5050 1272 5112 excultus
1293 5050 1329 5113 in
1349 5050 1564 5113 monasterio
1582 5049 1807 5114 Gottvicensi
1826 5070 1865 5112 se
1886 5061 1940 5112 to·

200 5169 261 5250 (de
279 5189 304 5230 s.
316 5170 455 5234 Monte
468 5170 733 5253 Pannoniae),
750 5170 922 5254 Strigonii
938 5172 1029 5235 eius·

201 5290 281 5351 dem
303 5310 390 5355 eom.
412 5293 445 5353 in
467 5291 653 5374 Hungaria
675 5293 731 5355 die
758 5297 804 5356 15.
821 5291 922 5375 Sept.
948 5298 1026 5356 1812

200 5421 315 5493 natus,
338 5432 365 5476 s.
381 5413 505 5475 habitu
522 5414 580 5476 die
607 5422 654 5479 16.
672 5413 751 5478 001.
773 5419 852 5495 1819
873 5382 1026 5498 1011111113,

1110 5185 1184 5234 11101
1199 5171 1278 5233 Deo
1296 5172 1428 5236 dicavit
1448 5192 1513 5253 per
1528 5175 1733 5236 sollemnem
1749 5172 1941 5254 professio-

1109 5314 1189 5356 nem
1206 5293 1264 5355 die
1284 5297 1331 5356 15.
1349 5294 1439 5356 Nov.
1461 5314 1552 5374 1741.
1570 5295 1797 5377 Theologicis
1813 5295 1941 5358 studiis

1109 5415 1205 5479 domi
1220 5415 1352 5496 optime
1370 5415 1524 5480 imbutus
1537 5418 1685 5499 primam
1697 5417 1776 5480 Deo
1788 5418 1942 5481 hostiam
