4252 6112
922 484 1205 555 ’354-

277 671 327 728 Vl.
361 671 428 727 Ode
449 669 563 727 Lesbia
586 670 738 727 sacerdoti
762 674 1023 747 quinquagenario
1060 668 1064 731 Ι

192 774 313 831 multum
331 774 503 831 venerando
520 777 598 850 patri
616 776 757 832 Floriano
774 777 893 845 Vester,
915 776 979 834 ord.
998 797 1022 835 5.

191 879 345 936 Francisci
368 881 544 956 provinciae
567 880 720 935 Marianae
742 880 792 937 Vl.
816 881 918 937 Nonas
943 883 1023 948 Maii,

190 1003 269 1041 anno
290 984 539 1041 MDCCCXXIV.
559 982 633 1040 Ibid.
651 991 693 1056 4⁰.
709 1001 728 1056 4
745 1004 773 1060 p.

277 1089 344 1155 Vll.
369 1089 497 1146 Carmen
521 1087 687 1145 honoribus
708 1089 948 1145 reverendissimi
970 1089 1024 1146 do-

192 1195 260 1250 mini
282 1194 461 1250 Ferdinandi
478 1194 585 1262 Villax,
611 1196 700 1261 sacri,
725 1207 755 1250 et
779 1196 886 1249 exemti
910 1193 1024 1250 ordinis

192 1299 403 1356 Cisterciensis
427 1297 614 1355 abbatiarum
639 1301 784 1354 unitarum
811 1299 842 1353 B.
864 1298 904 1354 M.
925 1298 960 1354 V.
986 1297 1023 1353 de

192 1403 286 1469 Zircz‚
303 1402 385 1469 Pilis,
403 1416 433 1458 et
450 1402 557 1459 Pasztri
574 1402 703 1467 abbatis,
728 1401 797 1458 dum
813 1402 947 1458 sollemni
965 1404 1023 1458 ritu

193 1508 420 1582 inauguraretur
435 1526 514 1564 anno
532 1506 621 1564 1826.
646 1505 721 1562 Ibid.
739 1511 782 1578 4⁰.
801 1505 819 1562 b
836 1525 864 1582 p.

279 1619 456 1713 Posplsil
495 1630 626 1695 Oddo
666 1630 1022 1712 (Brevnoven0·

192 1747 470 1831 Braunensis),
492 1770 513 1811 a
535 1750 701 1813 Perimov
717 1751 805 1813 Boh.
834 1751 948 1814 Natus
973 1754 1020 1812 18.

192 1868 278 1931 Maii
290 1874 379 1951 1838,
389 1882 525 1935 vestem
537 1873 669 1935 ordinis
679 1873 823 1936 indutus
837 1877 928 1954 1850,
938 1871 1021 1934 emi·

193 1990 238 2053 sit
264 2002 349 2055 vota
375 1994 450 2057 soll.
475 1998 504 2056 8.
528 1995 615 2057 Dec.
645 1998 734 2058 1803.
770 1996 876 2057 Anno
900 1996 1023 2057 subse-

194 2115 317 2194 quenti
334 2115 391 2176 die
408 2121 458 2178 31.
473 2117 535 2178 Iul.
550 2116 751 2180 sacerdotio
764 2117 922 2180 initiatus
939 2135 1023 2198 ope-

193 2257 267 2298 ram
288 2239 434 2301 navarit
457 2239 584 2300 studiis
605 2238 869 2320 philosophicis,
895 2239 1024 2321 quibus

193 2357 228 2421 in
246 2360 476 2424 universitate
493 2361 660 2444 Pragena
676 2361 849 2424 absolutis
865 2362 931 2424 rite
947 2371 1024 2423 ten-

195 2491 292 2543 tatus
309 2494 344 2544 et
361 2485 582 2563 approbatus
595 2484 801 2565 magisterio
814 2484 973 2566 fungitur
989 2484 1023 2545 in

158 2634 171 2643 -
195 2604 382 2685 gymnasio
395 2605 664 2670 Braunaviensi.
689 2605 853 2687 Scripsit:
1062 2622 1065 2631 ⁴

282 2731 338 2786 Die
353 2732 506 2788 Osmanen
523 2752 574 2788 zur
588 2735 652 2789 Zeit
668 2732 722 2789 des
735 2732 949 2788 Wachsthums
967 2730 1024 2786 und

194 2833 248 2889 der
265 2835 370 2891 Bliithe
387 2836 467 2892 ihrer
483 2814 583 2893 Macht
607 2840 636 2892 in
660 2836 744 2892 ihren
760 2835 970 2910 Beziehungen
990 2854 1024 2890 zu

196 2936 253 2994 den
269 2939 411 2996 Landern
428 2940 482 2995 der
501 2941 632 3015 jerzigen
655 2940 1025 3014 osterreichischungari·

195 3042 286 3098 schen
299 3044 484 3101 Monarchie.
502 3043 560 3123 (De
573 3045 740 3102 'l'urcarum
758 3040 906 3121 imperio)
923 3042 1025 3099 Habe·

195 3150 287 3203 turin
304 3149 461 3206 annalibus
483 3152 631 3224 gymnasii
648 3151 828 3206 Braunensis
845 3151 912 3204 anni
934 3147 1024 3221 1879.

281 3280 553 3354 Pollenhofer
586 3288 741 3350 Vitalis
773 3290 807 3367 (a
842 3308 868 3350 s.
900 3288 1025 3350 Petro

196 3409 448 3492 Salisburgi)
457 3458 465 3487 ,
479 3409 650 3487 Bararus,
665 3416 735 3470 nat.
748 3407 782 3468 in
790 3406 1025 3468 Reichenhall

164 3528 172 3548 '
200 3544 290 3616 1000.
305 3557 355 3598 22.
367 3533 430 3595 Iul.
445 3531 617 3593 absolutis
631 3528 832 3610 Salisburgi
844 3528 1025 3590 humanio-

195 3661 293 3722 ribus
315 3655 443 3719 litteris
469 3660 518 3716 25.
544 3654 643 3733 Sept.
670 3670 747 3731 1707
774 3650 1024 3713 monasterium

196 3783 387 3864 ingressus,
413 3796 505 3839 anno
522 3776 685 3856 sequenti
703 3795 752 3853 29.
771 3772 869 3855 Sept.
886 3774 1024 3836 50110111-
1062 3852 1065 3875 Ι

195 3905 286 3967 111101
311 3901 493 3985 professus
518 3908 553 3961 et
584 3920 607 3959 1.
633 3897 712 3961 Oct.
743 3903 821 3976 1713
846 3899 1023 3979 sacerdos,

195 4028 345 4110 primum
360 4034 571 4104 cooperator
584 4022 618 4083 in
632 4020 930 4103 Abbatisaugiam
943 4040 1024 4083 mrs-

198 4171 268 4229 sus,
294 4148 374 4209 dein
395 4145 567 4226 repetitor
588 4142 794 4205 clericorum
819 4143 853 4203 in
869 4143 1023 4224 philoso-

198 4272 291 4355 phia,
320 4271 459 4332 demum
486 4264 776 4327 bibliothecarius
800 4265 1023 4327 constitutus

196 4396 261 4456 Vir
277 4395 403 4455 doctus
421 4400 457 4453 et
470 4389 638 4466 eruditus,
655 4389 718 4448 sed
731 4389 893 4468 podagra
905 4399 941 4449 et
954 4388 1024 4450 chi-

197 4537 302 4599 ragra
323 4535 387 4597 per
408 4514 537 4574 multos
558 4529 669 4573 annos
686 4511 865 4583 laborans;
892 4510 979 4571 obiit
1000 4532 1024 4573 1.

196 4640 270 4701 Iun.
293 4641 383 4716 1753.
408 4634 573 4715 Scripsit:

283 4763 481 4820 hlonachatus
502 4779 525 4816 s.
544 4761 679 4834 Ruperti,
705 4758 871 4815 fundatoris
894 4770 923 4814 et
939 4761 1025 4834 primi

197 4869 346 4946 quondam
360 4868 497 4943 episcopi
511 4879 540 4921 et
553 4862 671 4921 abbatis
685 4863 865 4919 cathedralis
878 4864 946 4919 olim
961 4882 1024 4919 mo·
1062 4812 1065 4907 l

197 4977 318 5032 nasterii
343 4973 380 5028 ad
398 4992 422 5028 s.
440 4973 519 5028 Petri
536 4973 612 5026 intra
629 4967 836 5043 Salisburgum
858 4967 1025 5024 vindicatus

197 5093 303 5136 contra
325 5078 360 5133 R.
378 5077 415 5132 D.
437 5077 595 5131 Martinum
613 5071 821 5129 Weisbacher.
846 5072 1024 5147 Tegernsee

202 5198 291 5257 1739·
310 5189 351 5255 4⁰·
369 5196 410 5254 50
426 5200 455 5256 P·

283 5307 484 5383 Pottok‘clr
508 5318 659 5380 Petrus
688 5318 879 5379 Andreas
908 5318 969 5397 (de
997 5337 1023 5379 s.

198 5435 338 5500 Monte
366 5435 637 5517 Pannoniae),
666 5435 701 5496 in
725 5433 1025 5516 Nyerges-Ujfalu
1062 5420 1066 5506 l

1104 688 1191 731 com.
1213 668 1368 750 Strigon.
1395 669 1451 731 die
1480 690 1527 733 11.
1548 669 1639 732 Nov.
1667 673 1763 747 1840
1791 678 1918 751 natuS,
1941 692 1967 735 s.

1103 790 1227 853 habitu
1245 789 1303 852 die
1321 795 1350 854 8.
1368 789 1467 872 Sept.
1489 795 1568 854 1858
1586 791 1756 874 1111111115,
1786 800 1883 854 vota
1900 794 1966 854 sol·

1106 912 1235 975 lemnia
1257 912 1314 974 die
1338 918 1388 976 10.
1405 913 1478 975 Mai
1499 918 1578 975 1803
1600 912 1738 976 emisit.
1767 913 1968 977 Absolutis

1105 1034 1140 1095 in
1153 1054 1180 1095 s.
1191 1044 1311 1097 monte
1324 1054 1350 1096 5.
1363 1034 1566 1117 theologiae
1579 1033 1726 1116 51111115,
1743 1034 1813 1098 die
1829 1056 1861 1099 2.
1873 1036 1967 1119 Aug.

1109 1160 1188 1218 1865
1206 1157 1398 1238 presbyter
1414 1155 1597 1219 ordinatus
1613 1166 1682 1237 est,
1705 1175 1763 1218 ex
1782 1178 1864 1239 quo
1882 1166 1968 1221 tem·

1104 1298 1191 1359 pore
1208 1280 1254 1340 ad
1270 1299 1400 1341 annum
1418 1282 1496 1356 1873
1510 1276 1627 1340 officio
1643 1277 1890 1359 professoris
1904 1278 1966 1343 So·

1104 1398 1219 1481 pronii
1237 1409 1291 1462 est
1303 1398 1456 1480 1111101115,
1474 1419 1544 1481 quo
1557 1419 1650 1462 anno
1668 1418 1698 1462 s.
1712 1400 1902 1464 ordinem
1914 1403 1967 1463 de-

1104 1521 1222 1584 seruit.
1248 1520 1414 1602 Scripsit:

1189 1665 1216 1721 A
1238 1665 1349 1722 csaladi
1367 1662 1480 1722 eletbdl
1496 1664 1742 1740 Sophoklesnel.
1771 1662 1807 1743 (i.
1828 1686 1859 1723 e.
1878 1667 1963 1737 Quae

1103 1770 1184 1847 apud
1200 1769 1384 1846 Sophoclem
1406 1769 1442 1825 de
1459 1771 1519 1825 vita
1536 1769 1673 1824 interiori
1690 1787 1732 1825 ac
1751 1769 1910 1827 familiari
1926 1774 1965 1827 in·

1103 1872 1281 1951 veniantur.)
1310 1874 1342 1929 In
1361 1892 1464 1949 progr.
1481 1892 1582 1948 gymn.
1599 1871 1744 1948 Sopron.
1772 1873 1964 1949 1871-72.

1103 1980 1145 2036 8⁰.
1167 1993 1201 2051 13
1220 1998 1250 2054 p.

1114 2147 1137 2214 J
1190 2126 1327 2198 Praeh
1356 2136 1595 2217 (Udalricus
1619 2135 1964 2217 Lambertinus),

1104 2263 1208 2316 natus
1237 2264 1291 2317 est
1318 2253 1353 2315 in
1383 2252 1559 2316 Gonobitz
1587 2252 1739 2335 Styriae
1782 2274 1838 2334 17.
1870 2259 1964 2339 Aug.

1109 2380 1198 2438 1822.
1227 2375 1398 2438 Habitum
1419 2375 1552 2437 ordinis
1573 2374 1641 2436 sibi
1664 2375 1777 2439 indui
1805 2378 1902 2442 fecit
1922 2381 1964 2441 ad

1105 2519 1131 2563 s,
1148 2498 1375 2560 Lambertum
1391 2498 1427 2559 in
1444 2495 1563 2579 Styria
1584 2518 1631 2575 19.
1648 2496 1755 2580 Aug.
1786 2505 1889 2582 1842,
1908 2502 1963 2563 ubi

1105 2620 1279 2684 absolutis
1303 2620 1339 2681 in
1363 2620 1577 2682 monasterio
1600 2619 1865 2685 Admontensi
1892 2636 1960 2686 stu·

1106 2746 1173 2808 diis
1201 2743 1421 2825 theologiciS,
1449 2741 1632 2824 professus
1657 2752 1716 2804 est
1748 2763 1805 2806 11.
1834 2745 1903 2808 Iul.
1928 2758 1959 2806 et

1105 2868 1279 2951 primitias
1296 2865 1491 2930 celebravit
1512 2886 1541 2943 9.
1558 2864 1653 2945 Aug.
1678 2868 1782 2942 1840.
1816 2867 1957 2930 Exinde

1105 3012 1170 3073 per
1186 2997 1204 3053 8
1218 3010 1329 3058 annos
1343 2998 1609 3070 cooperatorem
1623 2986 1699 3068 egit
1713 2987 1754 3050 in
1769 3004 1954 3052 monaste-

1105 3114 1157 3175 rio
1175 3125 1210 3174 et
1226 3110 1456 3174 secretarium
1474 3120 1509 3171 et
1522 3108 1829 3172 ceremoniarium
1845 3114 1953 3173 abba·

1106 3236 1161 3317 tis,
1179 3235 1262 3296 item
1280 3239 1449 3310 1854-00
1462 3232 1496 3292 in
1509 3229 1802 3312 Weisskirchen,
1827 3236 1951 3295 1860-

1110 3362 1186 3419 1801
1211 3357 1245 3417 in
1262 3355 1422 3436 Obdach,
1446 3375 1491 3417 ex
1512 3354 1593 3414 inde
1614 3353 1804 3433 parochus
1821 3355 1860 3416 in
1878 3355 1949 3416 Ma·

1105 3481 1180 3543 rein
1197 3479 1231 3540 in
1249 3478 1433 3541 hliirzthal.
1466 3477 1581 3537 Praeh
1602 3474 1636 3535 in
1657 3475 1772 3536 rebus
1796 3495 1947 3539 oecono-

1093 3603 1205 3665 ·micis
1221 3599 1454 3683 peritissimus
1478 3604 1708 3678 (quapropter
1724 3598 1872 3676 pluries
1889 3619 1946 3659 nu·

1105 3723 1325 3785 mismatibus
1340 3722 1528 3782 decoratus
1542 3727 1605 3797 est,
1623 3717 1716 3777 inter
1728 3717 1807 3780 alia
1820 3720 1858 3781 in
1875 3739 1902 3781 S.
1916 3721 1944 3779 d.

1105 3845 1328 3927 expositione
1345 3840 1534 3935 uniuersali
1551 3839 1713 3900 Viennae
1735 3843 1849 3921 1873),
1871 3842 1944 3922 plu·

981 4021 987 4034 .
1105 3988 1160 4029 res
1178 3969 1222 4029 de
1240 3966 1372 4028 eisdem
1390 3963 1501 4025 edidit
1517 3972 1702 4025 tractatus

1190 4091 1341 4170 Insuper
1357 4087 1453 4169 typis
1471 4085 1583 4146 dedit:

1192 4217 1267 4271 Eine
1283 4214 1375 4269 Fahrt
1391 4212 1466 4267 nach
1483 4211 1560 4265 Rom
1581 4206 1650 4285 (1.0.
1669 4209 1730 4264 lter
1747 4207 1941 4283 Romanurn.)

1105 4324 1137 4378 ln
1158 4321 1301 4391 „Wiener
1319 4317 1590 4388 Kirchenzeitung“
1615 4312 1704 4385 1871.
1727 4314 1782 4370 Nr.
1806 4329 1939 4388 15—30‚

1105 4427 1236 4499 Bellage.

1191 4574 1407 4665 Prangner
1429 4578 1714 4660 Engelbertus
1748 4577 1938 4656 (Admon-

1105 4701 1268 4780 1011515),
1283 4697 1435 4761 Graecio
1445 4696 1616 4778 originem
1625 4696 1760 4756 ducens
1779 4696 1937 4776 12.Sept.

1110 4829 1200 4903 1812,
1215 4823 1415 4884 Admontes
1428 4817 1607 4881 stabilitus
1624 4816 1744 4879 11.Iul.
1763 4822 1857 4898 1835,
1871 4817 1938 4899 pri·

1105 4946 1222 5008 mitius
1243 4942 1437 5006 celebravit
1459 4946 1487 5002 8.
1504 4940 1591 5002 Dec.
1614 4941 1703 5000 1835.
1736 4939 1811 5002 Ρο1
1830 4943 1938 5003 breve

1106 5067 1275 5148 temporis
1303 5064 1458 5146 spatium
1486 5071 1696 5144 cooperator
1721 5064 1940 5127 constitutus

1106 5191 1141 5252 in
1153 5189 1370 5268 Wildalpen,
1387 5188 1432 5248 ad
1449 5204 1567 5248 musas
1584 5194 1619 5246 et
1636 5183 1810 5248 scientias
1824 5207 1941 5249 rever·

1105 5325 1202 5393 10115,
1226 5309 1441 5392 theologiam
1466 5309 1632 5370 moralem
1657 5315 1693 5367 et
1718 5310 1942 5387 pastoralem

1105 5433 1255 5495 alumnis
1279 5431 1441 5494 coenobii
1465 5429 1620 5493 tradidit.
1648 5427 1743 5490 Dein
1767 5433 1818 5494 ad
1843 5454 1944 5517 gym-
