4222 6106
1004 500 1047 508 -
1091 461 1196 524 LXII
1241 497 1283 506 —

272 690 374 770 stein,
391 689 615 770 Eszterhazy,
631 688 660 750 F
663 706 786 770 ugger,
803 687 968 767 Firmian,
985 687 1239 766 Fiinfkirchen,
1256 686 1511 768 Fiirstenberg,
1526 685 1660 767 Gallas,
1676 685 1809 768 Hager,
1823 684 2016 766 Hardegg,

272 828 444 908 Harrach,
467 826 710 906 Herberstein,
742 826 961 907 Hohenlohe,
985 826 1263 905 Khevenhiiller,
1289 824 1564 905 Liechtenstein,
1597 824 1750 905 Lodron,
1782 821 2015 887 Schwarzen-

272 968 372 1047 berg,
397 963 557 1045 Stadion,
582 963 847 1046 Starhemberg,
871 963 992 1044 Taxis,
1016 964 1130 1045 Thun,
1153 960 1485 1046 Trauttmansdorff,
1511 961 1812 1045 WindischgratZ,
1837 960 2015 1025 Wolken-

273 1104 365 1166 stein
390 1114 457 1167 etc.
476 1106 507 1184 ¹).

366 1222 375 1241 ⁴
403 1241 490 1303 Cum
514 1241 746 1304 universitate
770 1253 846 1305 arte
870 1242 1095 1304 coniunctum
1120 1254 1198 1304 erat
1221 1242 1446 1324 gymnasium
1470 1260 1536 1304 sex
1560 1241 1741 1321 classium,
1774 1239 1875 1303 cuius
1908 1258 2014 1320 prae·

272 1381 388 1444 fectus
422 1380 594 1443 rationem
629 1380 804 1442 reddebat
838 1379 966 1441 rectori
997 1380 1250 1443 universitatis.
1296 1378 1501 1443 Studiorum
1531 1379 1623 1442 ratio
1657 1378 1783 1461 paucis
1814 1377 2012 1440 immutatis

273 1520 397 1581 eadem
422 1528 509 1599 erat,
541 1537 633 1599 quae
662 1538 770 1599 supra
801 1518 897 1580 dicta
926 1528 995 1600 est,
1026 1529 1135 1599 atque
1165 1518 1326 1600 plurimis
1357 1518 1650 1580 monasteriorum
1683 1484 1813 1578 scholis
1844 1517 2014 1596 exemplo

271 1657 347 1720 fuit.
379 1656 514 1739 Magno
538 1666 615 1718 erat
639 1655 868 1718 incitamento
892 1657 938 1718 ad
961 1656 1159 1719 litterarum
1180 1656 1298 1720 studia
1314 1657 1349 1718 in
1366 1657 1646 1719 adolescentium
1663 1655 1790 1718 animis
1807 1654 2016 1733 excitanda,

273 1796 369 1877 quod
401 1793 480 1856 finis
513 1793 595 1856 anni
626 1794 830 1856 scholastici
862 1813 992 1875 magno
1023 1813 1101 1856 cum
1129 1804 1305 1875 apparatu
1337 1795 1595 1857 celebrabatur.
1642 1794 1702 1856 Ab
1733 1812 1776 1855 eo
1807 1792 1901 1855 enim
1931 1793 2014 1873 ipso

271 1942 442 2012 tempore,
467 1951 536 2012 quo
561 1932 755 1994 constituta
779 1939 834 1993 est
857 1931 1080 2013 universitas,
1105 1943 1144 1994 ut
1166 1933 1202 1994 in
1219 1932 1430 1994 Iesuitarum
1454 1932 1595 2012 scholis,
1620 1930 1778 1993 comicus
1801 1931 2015 2012 eligebatur,

272 2072 331 2152 qui
356 2070 546 2151 quotannis
574 2069 730 2132 fabulam
762 2070 938 2133 scenicam
968 2082 1197 2150 componeret
1220 2071 1277 2133 vel
1302 2091 1324 2132 a
1347 2071 1522 2152 discipulo
1547 2069 1780 2151 compositam
1804 2070 2016 2131 emendaret

271 2217 307 2270 et
331 2208 525 2290 corrigeret
548 2226 698 2288 eamque
721 2209 899 2289 agendam
923 2219 1072 2272 curaret.
1105 2209 1298 2272 Theatrum
1314 2210 1408 2272 omni
1433 2219 1610 2290 apparatu
1633 2208 1775 2270 scenico
1798 2208 2016 2270 instructum

272 2355 380 2426 atque
404 2356 610 2426 sumptuose
634 2356 796 2407 omatum
819 2347 953 2427 duplex
977 2358 1063 2428 erat,
1086 2348 1201 2409 minus
1226 2350 1271 2410 ad
1295 2349 1586 2429 praeludendum,
1610 2346 1724 2409 maius
1747 2347 1793 2408 ad
1818 2346 2012 2428 agendum.

271 2483 345 2564 Ipsi
370 2485 576 2563 spectaculo
601 2484 739 2546 edendo
763 2485 958 2547 intererant
982 2484 1283 2568 archiepiscopus
1308 2489 1473 2568 abbates,
1507 2487 1567 2567 qui
1595 2484 1689 2547 forte
1720 2484 1871 2547 aderant
1902 2480 2015 2547 Salis·

272 2621 386 2702 burgi,
411 2621 653 2703 magistratus,
678 2633 797 2684 cetera
820 2623 976 2703 undique
1000 2624 1284 2685 concurrentium
1308 2625 1497 2687 multitudo
1513 2627 1545 2702 ²).
1628 2713 1631 2720 Ι

401 2759 442 2820 In
466 2759 614 2821 Austria
637 2761 819 2839 superiore
844 2761 979 2840 optima
1007 2762 1114 2843 longe
1138 2763 1281 2843 lateque
1309 2763 1405 2825 fama
1438 2774 1515 2825 erat
1547 2762 1691 2825 scholae
1721 2759 2013 2840 cremifanensis,

273 2917 375 2978 quae,
399 2917 478 2958 cum
502 2896 678 2959 Bonifacii
701 2897 837 2980 Negele
860 2899 1003 2960 abbatis
1027 2898 1163 2962 incuria
1182 2900 1401 2982 aliquamdiu
1423 2899 1603 2980 iacuisset,
1635 2898 1823 2981 pristinum
1846 2897 2012 2979 vigorem

272 3037 443 3098 adsecuta
467 3044 521 3097 est
545 3054 610 3115 per
633 3035 817 3098 Placidum
841 3038 1007 3099 abbatem
1032 3039 1273 3119 (1644-1669)
1288 3037 1323 3118 ὃ).
1369 3039 1404 3100 Is
1427 3038 1671 3120 professorum
1698 3055 1883 3099 numerum
1907 3036 2012 3098 auxit

272 3183 380 3253 atque
404 3172 597 3252 constituit,
621 3182 660 3235 ut
675 3173 824 3235 Latinae
841 3173 984 3236 fabulae
1008 3175 1171 3267 scenicae
1196 3177 1386 3238 ederentur
1409 3184 1446 3237 et
1469 3175 1645 3258 discipuli,
1670 3175 1732 3256 qui
1754 3174 1847 3236 inter
1869 3182 2013 3236 ceteros

272 3311 484 3390 eminerent,
516 3310 615 3372 libris
649 3310 873 3373 donarentur.
920 3311 970 3374 Ut
993 3311 1110 3393 pietas
1134 3312 1169 3374 in
1198 3312 1382 3394 discipulis
1411 3332 1620 3394 morumque
1653 3311 1842 3394 integritas
1874 3311 2013 3374 excita·

271 3459 401 3529 rentur,
426 3469 517 3530 quae
541 3448 695 3511 maxima
720 3469 804 3512 cura
827 3458 913 3531 erat,
942 3454 1021 3513 1665
1047 3451 1362 3533 congregationem
1387 3452 1544 3535 ,Mariae
1568 3453 1613 3513 de
1637 3450 1818 3513 Victoria“
1843 3449 2009 3512 instituit.

271 3588 346 3651 Nec
370 3589 494 3666 minuS,
519 3587 578 3668 qui
602 3588 634 3650 ei
651 3598 909 3668 successerunt,
934 3608 1073 3650 omnem
1090 3609 1210 3651 curam
1226 3590 1518 3672 diligentiamque
1535 3590 1571 3651 in
1588 3589 1745 3651 scholam
1762 3589 2010 3659 contulerunt:

271 3727 306 3788 in
330 3727 458 3807 quibus
481 3726 675 3808 praecipuo
699 3726 817 3789 studio
845 3726 1024 3789 eminebat
1051 3729 1164 3790 abbas
1188 3728 1396 3790 Alexander
1424 3728 1682 3809 (1731-1749),
1714 3725 1769 3787 vir
1799 3725 1835 3787 in
1859 3726 2012 3788 Austria

273 3867 317 3926 de
341 3867 447 3926 rebus
473 3865 694 3926 scholasticis
719 3865 852 3945 optime
876 3866 1038 3946 meritus,
1071 3866 1131 3946 qui
1161 3866 1349 3948 gymnasio
1381 3866 1518 3928 addidit
1550 3885 1690 3927 cursum
1720 3862 2011 3945 philosophicum

273 4022 351 4064 curn
375 4001 678 4083 disputationibus
701 4003 966 4084 philosophicis.
1013 4003 1153 4066 Eximia
1184 4013 1303 4066 tamen
1334 4005 1439 4066 laude
1462 4004 1564 4086 viget
1592 4002 1668 4065 eius
1692 4002 1879 4082 memoria,
1912 4002 2011 4082 quod

272 4139 490 4201 academiam
515 4139 673 4202 condidit
697 4159 885 4220 puerorum
909 4141 1078 4204 nobilium
1104 4144 1230 4223 (1743),
1262 4143 1391 4223 inqua
1419 4142 1519 4204 initio
1550 4142 1693 4222 quidem
1725 4141 1869 4203 scholae
1900 4142 2015 4202 habe-

271 4280 402 4340 bantur
424 4279 468 4339 ‹le
492 4278 567 4339 iure
584 4278 755 4341 canonico
772 4289 880 4358 atque
897 4280 941 4341 de
959 4279 1250 4360 institutionibus,
1277 4291 1405 4361 postea
1420 4299 1507 4342 vero
1525 4291 1630 4342 aucto
1647 4279 1847 4342 scholarum
1863 4298 2014 4342 numero

271 4414 430 4495 inprimis
454 4415 718 4495 mathematica,
743 4415 907 4498 physica,
932 4417 1169 4479 astronomica
1198 4417 1407 4479 colebantur
1438 4428 1546 4498 atque
1578 4417 1684 4479 etiam
1715 4417 1864 4498 specula
1897 4428 2014 4481 astro-

271 4553 411 4617 nomica
434 4553 699 4617 aedificabatur.
746 4554 852 4617 Anno
880 4560 959 4634 1745
992 4557 1134 4617 scholae
1164 4556 1287 4618 haberi
1316 4566 1466 4637 coeptae
1497 4565 1580 4617 sunt
1604 4556 1648 4617 de
1671 4574 1808 4617 morum
1832 4555 2009 4637 doctrina,

272 4696 317 4755 de
342 4693 559 4774 dogmatica,
585 4695 628 4755 de
652 4693 799 4755 historia
822 4712 923 4755 sacra
946 4703 1054 4773 atque
1077 4693 1241 4774 profana,
1275 4695 1320 4755 <le
1350 4692 1552 4774 patristica,
1585 4695 1629 4755 de
1661 4693 1784 4775 lingua
1815 4693 2012 4777 Hebraica,

403 4937 424 5020 ¹)
455 4941 591 4996 Historia
625 4941 827 4995 universitatis
858 4937 1116 5011 Salisburgensis3
1149 4941 1249 5013 hlayr‚
1281 4941 1447 5013 ehemalige
1480 4941 1664 4997 Universitat
1696 4938 1860 5016 Salzbnrg;
1893 4941 2011 4999 Prenn·

271 5056 385 5110 steiner
409 5074 437 5109 u.
461 5054 497 5109 A.

400 5162 422 5241 ²)
446 5165 658 5221 Prennsteiner
682 5165 700 5220 l.
725 5185 752 5222 c.

399 5273 422 5354 ³)
450 5274 609 5346 „Scholam
627 5279 785 5351 superiore
800 5276 923 5331 saeculo
944 5273 982 5330 ab
1003 5274 1113 5331 abbate
1130 5275 1284 5349 Gregorio
1301 5277 1459 5333 Lechnero
1482 5277 1682 5334 instituendae
1703 5278 1847 5334 iuventuti
1870 5293 2011 5353 apertam

271 5390 479 5453 instauravit“,
503 5388 575 5444 dicit
598 5387 797 5462 Ziegelbauer
820 5388 838 5444 l.
863 5407 888 5444 c.
