4252 6112
200 502 214 532 ,
677 433 683 447 ⁸
917 449 1199 518 —280-

191 664 227 717 et
251 653 286 715 in
315 672 508 735 egenorum
535 652 655 734 inopia
683 649 877 715 efficaciter
905 653 1021 715 suble·
1060 651 1064 751 )

68 782 71 787 ’
190 777 308 838 vanda
324 786 360 838 et
382 774 418 837 in
439 772 654 836 infirmorum
675 794 759 836 cura
782 773 840 855 pie
863 775 1022 856 gerenda

192 908 227 959 et
239 897 274 959 in
287 896 491 959 exhibenda
502 898 655 959 humane
664 895 824 977 parvulis
837 895 1019 959 charitate.

191 1020 271 1102 Qua
288 1031 434 1100 propter
450 1038 520 1082 non
537 1020 650 1081 solum
670 1017 877 1099 parochiani
899 1036 1021 1080 omnes
1060 1078 1062 1123 Ι

192 1151 227 1204 et
251 1140 445 1204 confratres
470 1159 550 1202 eum
573 1139 624 1202 uti
644 1149 783 1221 patrem
808 1139 960 1222 diligunt
985 1149 1021 1202 et

191 1266 374 1345 honorant,
391 1264 454 1325 sed
474 1262 552 1343 ipse
572 1272 712 1357 august.
723 1261 891 1324 Austriae
912 1262 1021 1343 impe-

193 1395 291 1448 rator
318 1385 528 1449 Franciscus
554 1385 728 1467 Iosephus
755 1385 943 1448 candidum
971 1384 1021 1466 pii

192 1508 347 1590 pastoris
359 1505 670 1589 Camposcotensis
680 1519 806 1589 pectus
815 1507 872 1570 die
883 1528 933 1585 24·
944 1507 1019 1570 Iun.

196 1634 274 1709 1807
305 1649 409 1693 cruce
441 1649 549 1692 aurea
577 1639 746 1692 coronata
773 1629 955 1692 decoravit
984 1638 1020 1691 et

192 1753 335 1815 biennio
352 1762 435 1834 post
451 1753 590 1834 amplus
603 1751 838 1814 Vindobonae
854 1751 949 1813 urbis
966 1770 1020 1813 se·

192 1884 297 1937 natus
314 1893 392 1936 eurn
409 1883 551 1936 moneta
567 1893 675 1936 aurea
688 1873 768 1937 mai.
781 1894 808 1936 s.
822 1871 1019 1937 Salvatoris

192 2016 256 2078 pro
280 1995 414 2058 meritis
439 1996 495 2058 die
520 2001 571 2058 25.
596 1994 686 2058 Nor.
715 2000 795 2075 1809
822 1994 1020 2057 honoravit.

192 2119 275 2199 Ipse
302 2117 485 2198 professus
513 2117 687 2180 iubilaeus
718 2116 800 2179 inde
831 2137 852 2178 a
883 2117 941 2179 die
969 2121 1020 2180 28.

193 2239 272 2304 Oct.
290 2243 380 2319 1878,
398 2239 587 2302 consiliarii
604 2258 746 2321 quoque
762 2238 1021 2320 archiepiscopi

193 2361 347 2426 Vindob.
376 2361 552 2444 dignitate
579 2361 769 2444 insignitus
799 2371 854 2424 est
884 2361 941 2423 die
970 2363 1020 2424 25.

193 2483 279 2545 uec.
302 2488 391 2561 1871.
439 2528 444 2537 .
1060 2506 1063 2621 )

282 2604 395 2687 Typis
412 2604 567 2691 1111111111,

281 2729 1020 2805 l.PredigtbeiGelegenheitdesRestaurations·

195 2834 288 2891 sestes
319 2837 357 2890 im
383 2835 764 2909 Wiener-Burgerspitale
791 2854 826 2890 zu
854 2832 899 2890 St.
924 2834 1029 2919 Marx.

193 2935 319 3016 (Concio
333 2939 554 3018 occasionalis.)
570 2940 715 3007 Viennae,
734 2937 823 3011 1842,
839 2940 918 3014 typis
930 2937 1019 2995 Ferd.

193 3043 314 3101 Ullrich.

279 3149 316 3205 ll.
334 3149 446 3205 Blatter
462 3148 515 3206 der
532 3149 702 3223 Belehrung
719 3148 777 3204 und
789 3138 957 3223 Erbauung
975 3147 1021 3203 1111

193 3253 240 3309 die
254 3253 292 3309 hl.
302 3254 483 3310 Fastenzeit.
497 3250 526 3330 (i.
537 3272 563 3310 e.
574 3253 698 3310 Pietatis
708 3254 851 3310 exercitia
860 3271 916 3328 pro
928 3265 1019 3327 temp.

193 3355 394 3436 Quadrages.)
415 3373 426 3414 1
441 3358 500 3414 vol.
518 3358 661 3425 Viennae,
681 3358 770 3430 1843,
785 3372 846 3434 typ.
857 3359 893 3415 L.
904 3357 1019 3414 Grund.

251 3506 254 3513 .
279 3462 330 3518 ΙΙΙ.
348 3463 461 3519 Blatter
477 3462 531 3518 der
542 3463 711 3538 Belehrung
724 3463 782 3519 und
794 3462 961 3537 Erbauung
974 3462 1021 3518 1111

191 3567 240 3623 die
256 3567 324 3623 heil.
342 3566 608 3623 Weihnachtszeit.
635 3562 663 3641 (i.
682 3586 708 3623 e.
731 3568 854 3623 Pietatis
878 3569 1020 3623 exercitia

192 3690 248 3748 pro
273 3686 364 3748 temp.
389 3672 470 3728 circa
494 3674 583 3728 nativ.
607 3669 739 3750 Christi.)
767 3672 858 3728 1rol.
874 3672 1019 3738 Viennae,

197 3775 287 3848 1843,
306 3778 385 3852 typis
402 3795 507 3850 congr.
524 3776 666 3832 Mechith.

279 3896 329 3954 lV.
347 3899 410 3953 Der
425 3899 504 3954 Herr
521 3900 563 3954 sei
582 3900 632 3954 mit
644 3895 746 3954 Euch!
764 3897 879 3955 Gebet·
892 3898 950 3954 und
963 3899 1020 3954 Er·

192 4000 410 4075 bauungsbuch
423 4000 1019 4079 111110111011301100111131011.(1111111910

193 4101 280 4182 curn.)
302 4106 393 4161 1101.
418 4106 508 4162 1.011.
530 4107 673 4170 Viennae,
699 4105 788 4179 1844,
814 4109 893 4182 typis
914 4125 1018 4180 congr.

193 4209 333 4266 Mechith.
351 4210 425 4267 Cum
442 4208 565 4284 subseq.
583 4224 600 4283 5
619 4229 688 4267 nov.
706 4210 776 4267 edit.

279 4332 315 4389 V.
347 4332 410 4389 Des
441 4331 556 4389 Kindes
586 4333 694 4407 Engel.
727 4332 840 4390 Gebet·
872 4333 930 4389 und
962 4334 1019 4389 Er·

192 4434 410 4510 bauungsbuch
437 4436 483 4492 1111
511 4437 558 4493 die
586 4437 867 4495 christkatholische
892 4437 1018 4514 Jugend.

191 4539 296 4620 (Liber
309 4539 453 4619 precum.)
475 4542 558 4598 1vol.
574 4542 716 4610 Viennae,
732 4540 822 4615 1846,
838 4557 899 4618 typ.
914 4561 1018 4617 congr.

191 4646 331 4704 Mechith.
362 4647 435 4702 Cum
460 4647 569 4722 compl.
594 4649 713 4721 imagin.
736 4667 760 4703 s.
782 4648 893 4704 Missae
917 4662 1019 4723 partes

190 4748 488 4828 demonstrantibus.)
827 4821 832 4835 .

277 4856 327 4912 Vl.
341 4854 625 4930 Erinnerungsblatt
636 4873 673 4910 an
687 4855 734 4911 die
748 4855 900 4913 feierliche
911 4854 1018 4912 Weihe

190 4961 243 5017 der
255 4977 352 5016 neuen
364 4978 493 5033 grossen
503 4957 622 5015 Glocke
635 4961 673 5015 im
683 4958 893 5017 Plarrbezirke
905 4958 1016 5016 Schot-

191 5064 310 5120 tenleld.
342 5060 385 5141 (ln
412 5065 585 5120 memoriam
611 5062 809 5121 dedicationis
831 5062 1017 5143 campanae.)

192 5167 335 5233 Viennae,
357 5168 446 5241 1855,
465 5171 545 5243 typis
561 5186 667 5242 congr.
683 5168 826 5226 Mechith.

276 5288 376 5368 Quae
393 5290 437 5350 de
454 5298 623 5367 suscepta
643 5303 735 5349 anno
756 5292 835 5350 1855
852 5287 887 5349 111
903 5301 1016 5350 terras

192 5424 310 5470 sacras
331 5409 617 5492 peregrinatione
642 5428 790 5472 unacum
812 5409 1016 5472 confratrib.

1101 653 1253 714 Alberto
1270 649 1446 715 Gatscher
1462 662 1498 715 et
1515 652 1687 715 Udalrico
1703 652 1828 715 Roiss
1851 652 1939 732 (vide

1099 775 1204 855 hunc)
1222 774 1391 836 memoria
1407 774 1516 857 digna
1532 774 1716 857 iudicavit,
1744 775 1852 858 typis
1872 775 1938 838 edi·

1102 897 1154 958 dit
1170 915 1242 977 op.:

1187 1022 1252 1079 Vll.
1284 1022 1397 1079 Blatter
1424 1041 1478 1080 aus
1505 1024 1572 1080 dem
1601 1023 1802 1097 Tagebuche
1830 1026 1938 1080 meiner

1101 1127 1282 1201 Pilgerreise
1303 1128 1332 1182 in
1353 1126 1407 1184 das
1428 1128 1538 1202 heilige
1560 1128 1646 1185 Land
1671 1130 1710 1184 im
1732 1128 1832 1204 Jahre
1853 1127 1937 1201 1855.

1105 1231 1196 1288 1101.
1218 1231 1259 1289 8⁰.
1289 1248 1314 1288 1.
1331 1231 1377 1288 ed.
1395 1232 1538 1300 Viennae,
1560 1235 1639 1308 typis
1662 1250 1776 1307 congr.
1795 1232 1934 1290 Mechitlr.

1101 1336 1196 1392 Huius
1209 1335 1309 1399 libelli,
1324 1337 1404 1392 mult.
1414 1335 1566 1412 imaginib.
1577 1350 1677 1393 terrae
1687 1350 1822 1394 sanctae
1832 1339 1935 1404 ornati,

1100 1454 1162 1496 tres
1179 1442 1244 1497 iter.
1261 1440 1331 1497 edit.
1350 1454 1418 1497 sunt
1434 1455 1566 1498 secutae.

1186 1544 1265 1600 VlIl.
1288 1545 1345 1600 Die
1360 1543 1586 1618 Auserstehung
1601 1543 1673 1620 Jesu
1693 1577 1741 1585 —
1765 1544 1846 1603 iiber
1866 1546 1937 1602 allen

1099 1648 1231 1705 Zweilel.
1257 1649 1313 1704 Ein
1329 1648 1420 1705 Wort
1435 1669 1487 1705 zur
1498 1647 1652 1724 Stdrkung
1665 1648 1713 1705 fiir
1728 1649 1812 1719 Alle,
1826 1650 1935 1707 welche

1100 1751 1183 1808 ihren
1198 1750 1337 1808 Glauben
1353 1751 1461 1809 lieben.
1479 1749 1508 1830 (i.
1522 1771 1548 1809 e.
1561 1752 1815 1811 Resurrectionis
1827 1754 1934 1811 domini

1099 1854 1293 1933 dilucidatio.)
1311 1856 1454 1925 Viennae,
1472 1859 1551 1932 typis
1567 1857 1666 1933 Leop.
1684 1836 1825 1915 Grund.⁶

1115 2030 1119 2036 .
1185 1973 1467 2055 Manuscriptum
1491 1994 1596 2056 porro
1620 1975 1699 2056 ipse
1725 1987 1861 2040 auctor
1880 1977 1936 2038 ad·

1100 2109 1234 2159 servat:

1186 2223 1238 2279 IX.
1255 2223 1485 2298 Erinnerungen
1501 2242 1555 2279 aus
1573 2226 1702 2280 meinem
1717 2224 1845 2283 Leben.
1867 2222 1896 2305 (i.
1914 2243 1937 2282 e.

1100 2328 1188 2385 Vitae
1203 2324 1429 2405 commentarii.)
1450 2343 1460 2383 1
1482 2327 1541 2385 101.
1559 2334 1603 2400 4⁰.

1186 2490 1356 2586 Ldskay
1378 2467 1576 2565 Placidus
1600 2500 1857 2584 Stephanus
1882 2507 1937 2587 (de

1101 2637 1127 2681 s.
1144 2618 1285 2680 Monte
1297 2619 1562 2700 Pannoniae),
1579 2619 1704 2700 Papae
1722 2640 1820 2686 00111.
1833 2622 1939 2685 Vesz·

1101 2742 1209 2822 prem.
1228 2741 1262 2804 in
1279 2741 1464 2824 Hungaria
1487 2741 1544 2803 die
1562 2762 1612 2820 27.
1629 2743 1694 2804 Iul.
1716 2749 1806 2823 1845
1824 2726 1938 2827 natus,

1101 2884 1127 2927 s.
1144 2864 1266 2927 habitu
1284 2865 1341 2927 die
1359 2870 1386 2929 8.
1405 2863 1504 2946 Sept.
1526 2869 1600 2926 1801
1626 2864 1791 2950 1111101113,
1814 2869 1876 2931 die
1896 2890 1939 2946 14.

1101 2986 1189 3068 Apr.
1211 2990 1289 3049 1808
1307 2996 1391 3049 vota
1407 2987 1593 3049 sollemnia
1613 2986 1750 3069 emisit,
1775 3000 1815 3053 et
1835 2993 1941 3054 abso·

1100 3108 1183 3171 lutis
1200 3109 1234 3170 in
1247 3128 1273 3170 3.
1284 3121 1402 3171 monte
1416 3129 1442 3173 s.
1452 3109 1650 3192 theologiae
1663 3111 1803 3175 studiis
1817 3115 1943 3176 eodem

1101 3249 1193 3292 anno
1222 3251 1246 3293 1.
1269 3231 1326 3292 die
1348 3230 1505 3313 Augusti
1531 3234 1726 3313 presbyter
1751 3235 1944 3299 ordinatus

1101 3364 1164 3433 est,
1183 3372 1228 3414 ex
1245 3372 1314 3434 quo
1331 3364 1490 3434 tempore
1507 3355 1552 3415 ad
1565 3374 1696 3416 annum
1715 3359 1806 3436 1879
1827 3357 1946 3422 officio

1100 3474 1311 3556 professoris
1320 3473 1531 3538 Comaromii
1544 3475 1697 3557 1111101113,
1708 3498 1815 3544 1111110
1826 3482 1948 3545 Buda-

1100 3597 1231 3679 pestini
1248 3598 1281 3658 in
1298 3598 1528 3661 universitate
1549 3598 1647 3680 regia
1665 3602 1807 3665 studiis
1825 3617 1945 3669 vacat.

1101 3718 1269 3801 Scripsit:

1188 3848 1209 3903 l.
1226 3846 1252 3901 A
1270 3846 1347 3921 papa
1364 3846 1467 3902 udvari
1489 3846 1587 3904 orasa.
1609 3844 1638 3925 (i.
1656 3867 1684 3903 e.
1702 3848 1837 3910 Artifex
1854 3856 1951 3913 horo·

1099 3952 1247 4025 logiorum
1264 3951 1350 4007 Rom.
1368 3949 1540 4029 pontilicis.)
1557 3952 1602 4007 Ex
1620 3952 1723 4027 lingua
1743 3955 1862 4017 Germ.
1877 3979 1950 4019 con·

1099 4058 1200 4111 vertit.
1226 4056 1257 4110 ln
1274 4054 1323 4111 lib.
1341 4055 1517 4130 periodicis:
1536 4055 1623 4111 Kath.
1641 4057 1780 4136 Neplap.
1806 4062 1907 4138 1867.

1187 4160 1223 4215 II.
1240 4160 1344 4215 Elvazi
1362 4161 1524 4234 Berengar.
1538 4157 1815 4244 (Narratiuncula.)
1831 4168 1883 4225 Ex
1896 4170 1950 4226 lin·

1099 4284 1159 4340 gua
1180 4264 1282 4320 Germ.
1307 4267 1463 4322 convertit.
1490 4266 1535 4321 In:
1561 4263 1650 4321 Kath.
1673 4265 1820 4347 Hetilep.
1852 4272 1948 4347 1879.

1186 4429 1362 4502 Lueond
1400 4442 1636 4503 Bernardus
1672 4441 1947 4531 (Murensis),

1099 4568 1203 4619 natus
1216 4557 1250 4618 in
1264 4556 1421 4620 Suitensi
1433 4577 1529 4640 pago
1541 4557 1725 4641 Biberegg
1740 4563 1806 4626 die
1821 4569 1853 4628 5.
1869 4566 1944 4629 Ian.

1103 4698 1193 4758 1792,
1216 4678 1307 4741 inter
1324 4680 1514 4740 monachos
1534 4689 1701 4761 receptus
1721 4700 1838 4748 sacra
1859 4708 1943 4769 pro·

1097 4799 1251 4862 sessione
1278 4800 1334 4863 die
1361 4805 1388 4862 8.
1414 4802 1499 4865 Dec.
1528 4806 1623 4881 1810,
1650 4807 1868 4871 sacerdotio
1892 4811 1944 4873 in·

1097 4922 1249 5005 signitus
1274 4925 1330 4985 die
1355 4928 1382 4985 8.
1410 4921 1488 4987 Oct.
1519 4929 1616 5004 1815,
1641 4923 1709 4987 fuit
1734 4930 1941 5014 professor,

1097 5045 1178 5108 dein
1195 5047 1359 5126 subprior
1371 5054 1406 5107 et
1418 5045 1718 5129 bibliothecarius,
1735 5060 1878 5129 postea
1890 5055 1942 5117 n·-

1097 5168 1211 5230 carius
1226 5180 1261 5231 et
1274 5181 1416 5231 curatus
1429 5170 1524 5250 apud
1534 5169 1655 5232 Muros
1668 5169 1752 5233 etin
1762 5171 1939 5240 Wohlen.

1096 5290 1271 5373 Tempore
1302 5291 1564 5374 suppressionis
1592 5296 1805 5359 monasterii
1834 5300 1938 5381 prius

1096 5413 1141 5473 ad
1170 5412 1427 5495 Einsidlenses,
1459 5425 1585 5494 postea
1612 5414 1938 5508 Klingenbergam
