4252 6112
922 461 1204 528 -Μ,

193 645 326 706 honore
338 641 528 724 insignitus
540 652 595 705 est
608 642 666 705 die
679 663 730 722 29.
740 643 815 708 Iun.
829 663 920 722 1772·
937 642 1023 706 Pro·

192 765 308 830 sessor
337 765 540 849 theologiae
570 766 606 829 in
632 766 795 829 instituto
826 766 1022 829 domestico

194 887 463 962 Cremifanensi3
489 908 560 971 quo
582 889 741 951 extincto
761 890 808 951 ad
828 887 1023 950 animarum

193 1029 313 1074 curam
330 1029 533 1090 conversus,
558 1020 770 1090 cooperator
790 1009 826 1072 in
847 1008 1022 1072 Pfarrkir·

194 1134 293 1214 chen,
309 1131 493 1195 Thalheim
510 1141 546 1194 et
562 1131 826 1206 Buchkirchen;
843 1132 1022 1214 parochus

194 1255 230 1319 in
255 1255 471 1336 Fischlham,
499 1254 680 1337 Adlwang
703 1265 739 1318 et
765 1254 1021 1328 Eberstallzell;

193 1380 287 1441 unde
296 1379 438 1440 domum
448 1378 493 1439 ad
503 1378 699 1439 docendam
707 1376 926 1458 theologiam
935 1376 1022 1458 dog·

193 1501 358 1564 maticam
378 1508 566 1563 revocatus
587 1508 671 1581 post
690 1498 870 1561 biennium
893 1499 940 1560 ad
960 1516 1022 1578 pa·

193 1622 350 1685 rochiam
359 1621 602 1684 Eberstallzell
613 1640 778 1683 reversus
791 1620 922 1683 ibidem
935 1619 1023 1682 obiit
1040 1616 1044 1623 '

198 1766 246 1810 12.
262 1746 336 1809 Ian.
357 1749 448 1825 1809.

280 1885 390 1947 Manu
414 1884 567 1967 scriptas
586 1885 651 1946 has
676 1882 945 1946 dissertationes
969 1900 1023 1944 re·

193 2007 309 2090 liquit:

281 2152 303 2206 l.
325 2151 421 2207 Micae
442 2150 665 2205 astronomicae
686 2148 827 2205 horarum
849 2146 1023 2204 subseciva·

194 2275 258 2312 rum
274 2256 350 2312 duce
367 2256 399 2311 P.
417 2253 539 2311 Placido
556 2253 777 2310 Fixlmuellner.
795 2266 832 2309 21
852 2271 882 2328 p.

281 2361 317 2416 ll.
342 2360 492 2434 Principia
515 2360 720 2415 astronomiae
743 2360 773 2414 in
797 2357 954 2414 elenchum
975 2375 1023 2413 re·
1062 2376 1065 2382 ·

194 2465 292 2531 decta,
313 2465 441 2521 authore
464 2477 495 2520 et
516 2463 592 2520 duce
612 2464 644 2520 P.
662 2462 784 2521 Placido
796 2439 1022 2519 'Fixlmuellncn
1103 2459 1177 2501 sam
1189 2458 1335 2521 navanS,
1352 2441 1398 2501 ab
1411 2460 1503 2503 amm
1520 2445 1600 2504 ¹3⁶5
1613 2462 1727 2524 usque
1739 2444 1789 2505 ad
1801 2444 1931 2507 Obitum

198 2569 288 2644 1769.
305 2568 346 2643 48
364 2588 393 2645 p.

1190 648 1211 704 1.
1230 648 1293 704 Das
1309 660 1497 722 sogenannte
1513 648 1748 724 Eintagegesetz
1764 648 1797 702 in
1811 645 1871 704 den
1882 665 1934 704 uns

1104 753 1277 809 erhaltenen
1297 751 1476 828 Tragodien
1499 753 1553 810 des
1577 752 1762 829 Sopholdes.
1788 750 1820 831 (i.
1841 771 1869 809 e.
1890 751 1934 808 De

1103 858 1147 913 sic
1174 856 1254 913 dicta
1280 857 1348 931 lege
1375 856 1481 913 diurna
1504 859 1534 913 in
1558 857 1724 931 tragoediis
1747 854 1932 935 Sophoclis.)

1103 963 1145 1018 Im
1160 960 1387 1038 Jahresbericht
1402 962 1456 1018 des
1472 962 1501 1019 k.
1519 962 1548 1018 k.
1562 961 1778 1038 Gymnasiums
1800 982 1836 1018 zu
1857 961 1933 1018 Melk

1107 1066 1203 1139 1871:
1229 1064 1272 1122 8⁰.
1293 1066 1393 1122 Wien.
1418 1067 1461 1122 Im
1478 1064 1705 1142 Selbstverlage
1726 1065 1782 1123 des
1802 1065 1932 1142 Gymna-

1102 1172 1204 1227 siums.
1224 1169 1328 1226 Druck
1344 1168 1392 1226 bei
1410 1171 1541 1245 Ludwig
1555 1171 1670 1246 Mayer.

1189 1276 1226 1331 ll.
1251 1273 1353 1332 Ueber
1373 1273 1430 1330 den
1446 1275 1528 1331 Chor
1549 1275 1603 1332 der
1622 1274 1848 1350 griechischen,
1868 1293 1933 1352 spe-

1103 1380 1168 1437 ciell
1182 1380 1236 1436 der
1247 1380 1502 1455 sophoklcischen
1514 1378 1679 1454 Tragodie.
1693 1375 1723 1457 (i.
1737 1397 1766 1436 e.
1780 1379 1829 1436 De
1841 1379 1933 1436 choro

1102 1484 1241 1541 Graecae
1250 1503 1286 1541 ac
1295 1484 1468 1559 specialiter
1476 1481 1638 1559 Sophoclis
1647 1480 1849 1563 tragoediae.)
1861 1483 1932 1541 Loc

1103 1591 1152 1646 cit.
1175 1586 1266 1662 1878.

1188 1700 1451 1775 Kaeferbdck
1478 1711 1710 1796 Virgilius
1738 1713 1933 1796 (Admon-

1103 1827 1258 1909 tensis),
1275 1826 1475 1912 Salisburgi
1491 1853 1521 1908 4.
1534 1830 1609 1893 Iun.
1627 1834 1708 1910 1834
1721 1842 1840 1915 natus,
1853 1844 1934 1896 vota

1103 1949 1287 2013 sollemnia
1307 1972 1354 2014 11.
1375 1949 1438 2014 Iul.
1466 1956 1545 2032 1859
1567 1952 1763 2036 professus,
1790 1973 1820 2034 7.
1842 1954 1932 2039 Aug.

1107 2076 1187 2150 1859
1203 2072 1376 2153 primitias
1389 2073 1593 2137 celebravit.
1611 2074 1826 2140 Praefectus
1838 2077 1934 2140 cleri·

1104 2213 1224 2258 corum
1237 2195 1449 2257 constitutus
1463 2198 1640 2279 1860-61,
1654 2197 1690 2260 in
1701 2198 1799 2262 univ.
1809 2199 1932 2263 Vienn.

1103 2316 1221 2379 studio
1237 2316 1405 2379 historiae
1419 2327 1455 2380 et
1466 2317 1610 2400 linguae
1623 2321 1841 2384 vernaculae
1853 2341 1932 2403 ope-

1102 2561 1341 2644 professorem
1366 2562 1441 2645 egit
1464 2561 1500 2625 in
1525 2583 1553 2626 c.
1571 2584 1596 2628 r.
1618 2566 1809 2648 gymnasio
1826 2564 1931 2630 Grae·

281 2671 738 2748 1¹1·Dege⁰m⁶tsi⁰⁰0³¹0¹¹¹0
759 2671 973 2727 ³¹¹0m²¹⁵³s¹¹¹¹¹
994 2672 1023 2726 in
1062 2698 1064 2805 )
1103 2684 1209 2749 censi.
1239 2682 1413 2747 Societati
1435 2684 1557 2749 histor.
1581 2686 1617 2749 in
1640 2685 1751 2750 Stiria
1774 2707 1843 2752 nec
1865 2708 1929 2751 nou

194 2779 301 2837 orbitis
317 2779 514 2856 planetarum.
532 2775 572 2833 28
589 2796 619 2853 p.

281 2883 331 2941 IV.
349 2884 395 2939 De
412 2882 490 2938 luna.

279 2988 315 3045 V.
333 2987 380 3044 De
396 2982 561 3062 eclipsibus
578 2983 707 3041 solariis.
729 2998 765 3056 14
782 3002 812 3058 p.

279 3092 330 3149 VI.
347 3092 394 3147 De
410 3086 663 3147 occultationibus
678 3087 841 3145 stellarum.
864 3102 883 3159 4
900 3105 971 3162 pag.
992 3099 1023 3143 et

193 3212 210 3270 5
233 3195 354 3253 tabulae
379 3215 445 3252 cum
466 3196 581 3270 figuris.
605 3192 650 3273 (In
673 3190 857 3248 bibliotheca
880 3191 1022 3268 speculae

192 3302 424 3359 astronomicae.
441 3301 495 3355 111.
513 3294 662 3375 21—27.)

277 3406 343 3462 Vll.
360 3403 516 3481 Opuscula
531 3404 625 3458 varia.
647 3399 825 3474 Argumenti
847 3398 1020 3473 theologici.

192 3517 234 3584 40.
253 3525 310 3567 211
331 3529 360 3585 p.
378 3507 518 3565 biblioth.
534 3506 585 3563 Vl.
604 3520 675 3579 ²34·

278 3671 505 3770 lungwirth
526 3682 772 3745 Theodorus
795 3680 1021 3763 (Mellicen-

192 3802 273 3884 sis),
290 3802 501 3865 Austriacus
518 3822 564 3864 ex
580 3800 714 3862 Urfahr
733 3819 847 3881 prope
862 3799 1022 3863 Lincium

193 3924 250 3987 die
275 3946 305 4003 9.
325 3923 425 4005 Sept.
452 3929 533 4002 1840
553 3933 668 4004 natue,
691 3922 816 3985 habitu
839 3942 866 3986 s.
888 3922 945 3984 die
973 3925 1020 3985 15.

193 4044 292 4127 Sept.
315 4050 391 4108 1861
412 4045 566 4126 indutus,
584 4045 641 4107 die
658 4048 709 4107 25.
722 4043 822 4124 Sept.
841 4050 920 4122 1864
936 4053 1022 4106 vota

193 4167 376 4229 sollemnia
397 4166 521 4228 emisit.
551 4165 687 4230 Studiis
710 4165 921 4247 theologicis
942 4187 1022 4248 par·

192 4289 255 4352 tim
282 4289 317 4351 in
345 4308 371 4350 s.
396 4289 585 4370 Hippolyti
611 4291 699 4351 urbe
725 4287 855 4370 partim
878 4288 1022 4351 Mellicii

193 4432 312 4474 curam
328 4411 502 4493 impendit
515 4419 550 4473 et
564 4410 621 4472 die
634 4416 684 4473 30.
698 4410 760 4473 Iul.
779 4414 860 4472 1866
873 4409 1021 4491 primam

192 4535 411 4597 incruentam
439 4532 591 4595 hostiam
615 4534 693 4595 Deo
716 4532 853 4595 obtulit.
886 4531 1021 4596 Studiis

191 4655 417 4739 philologieis
438 4655 473 4717 in
490 4654 584 4718 univ.
600 4654 727 4717 Vienn.
749 4674 813 4735 per
833 4654 1020 4717 triennium

191 4799 337 4860 operam
360 4799 439 4841 cum
465 4778 696 4859 impertiisset
715 4797 808 4839 anno
836 4782 918 4856 1870
940 4797 1020 4858 pro-

191 4900 305 4963 fessor
325 4899 361 4963 in
386 4920 414 4964 c.
430 4921 456 4962 r.
474 4899 662 4983 gymnasio
677 4899 876 4962 Mellicensi
892 4900 1020 4980 adpro-

190 5026 296 5086 batus
324 5032 389 5086 est.
420 5021 602 5086 Sacristae
630 5031 666 5084 et
692 5021 836 5105 linguae
860 5019 1020 5084 Gallicae

191 5144 402 5225 professoris
426 5163 551 5207 munus
575 5143 610 5205 in
631 5162 670 5205 se
691 5144 849 5225 suscepit
871 5153 907 5206 et
927 5164 1020 5207 nunc

193 5265 376 5328 directoris
407 5266 592 5329 convictus
621 5265 840 5329 Mellicensis
874 5285 1019 5329 munere

192 5383 359 5467 fungitur.
383 5385 549 5468 Scripsit:

1103 2825 1173 2869 soc.
1185 2805 1869 2889 „inneriisterreichischeMittelschule“
1876 2810 1930 2873 ad·

1103 2929 1257 3011 scriptus
1277 2928 1365 2991 obiit
1382 2927 1552 3010 Virgilius
1574 2930 1855 3012 degeneratione
1874 2949 1928 2994 ve

1102 3072 1184 3114 num
1205 3072 1252 3130 19.
1269 3051 1342 3114 Ian.
1365 3056 1455 3131 1875.

1188 3179 1261 3234 Drei
1282 3177 1342 3233 alte
1359 3177 1504 3234 deutsche
1520 3177 1791 3254 Uebersetzungen
1807 3180 1862 3237 der
1876 3181 1926 3236 Be·

1101 3282 1351 3356 nedictinerregel
1366 3281 1558 3359 besprochen
1575 3283 1635 3340 und
1648 3285 1677 3339 in
1691 3283 1813 3341 Probeu
1828 3287 1927 3360 mitge-

1101 3387 1195 3444 theilt.
1213 3383 1283 3465 (ie.
1299 3387 1346 3442 De
1362 3384 1457 3442 tribus
1466 3386 1590 3461 regulae
1604 3388 1818 3446 Benedictinae
1837 3402 1927 3446 trans·

1100 3489 1261 3547 lationibus
1277 3504 1412 3547 veterum
1426 3490 1647 3548 Germanorum
1665 3492 1769 3568 lingua
1782 3512 1927 3551 commen·

1101 3595 1228 3674 tarium.)
1245 3596 1361 3652 Grazer
1377 3595 1744 3671 Gymnasial-Programm
1768 3595 1862 3656 1868.

1160 3704 1406 3779 ·Kaliw0da
1438 3715 1703 3781 Guntherus
1736 3720 1926 3805 (Raigra

1102 3835 1281 3917 diensis),
1299 3834 1442 3897 Brunae
1457 3836 1490 3897 in
1505 3836 1667 3899 Moravia
1684 3841 1734 3901 26.
1745 3839 1835 3904 Dec.
1853 3842 1925 3904 1815

1101 3968 1122 4010 a
1142 3958 1244 4029 patre
1261 3948 1414 4029 Iosepho
1436 3949 1514 4011 cive
1537 3959 1573 4012 et
1593 3950 1735 4014 lanione
1759 3962 1798 4015 et
1821 3963 1928 4016 matre

1101 4069 1308 4132 Elisabetha
1324 4070 1544 4152 progenitus
1561 4070 1714 4135 Ioannes
1731 4093 1861 4158 evang.
1878 4082 1929 4137 est

1101 4200 1259 4253 vocatus.
1283 4191 1358 4253 lam
1378 4192 1531 4272 pueriles
1552 4192 1645 4256 inter
1667 4195 1771 4257 ludos
1794 4197 1930 4260 saniora

1101 4312 1276 4375 meditans
1292 4314 1461 4393 puerulus
1477 4316 1523 4376 ad
1539 4315 1736 4379 studiorum
1752 4318 1926 4382 elementa

1101 4434 1136 4497 in
1160 4436 1247 4497 urbe
1271 4436 1387 4516 patria
1408 4437 1644 4501 combibenda
1660 4441 1883 4504 convertitur
1896 4450 1930 4504 et

1101 4557 1274 4620 absolutis
1295 4578 1388 4621 anno
1413 4565 1491 4639 1827
1518 4561 1690 4623 classibus
1713 4564 1930 4627 normalibus

1101 4701 1142 4743 ac
1163 4681 1444 4763 gymnasialibus
1468 4685 1514 4744 ab
1538 4703 1631 4745 anno
1656 4689 1824 4748 1828—33
1849 4686 1930 4750 emi·

1100 4803 1197 4865 nenti
1208 4823 1610 4885 sempercumsuccessu
1619 4807 1800 4872 adaltiora
1809 4830 1931 4874 ascen-

1100 4925 1152 4987 dit
1164 4925 1410 5007 philosophiae
1423 4929 1551 4992 studia.
1570 4927 1742 5009 Quamvis
1754 4932 1932 4996 animatus

1099 5048 1179 5128 piae
1211 5049 1403 5130 genetricis
1434 5049 1560 5131 spiritu
1589 5051 1858 5135 religiosissimo
1887 5056 1932 5118 ad

1099 5179 1230 5232 statum
1259 5172 1457 5234 clericalem
1484 5193 1505 5235 a
1530 5174 1663 5237 teneris
1688 5174 1930 5261 inclinaretur,

1099 5293 1218 5347 tamen
1258 5286 1466 5348 durantibus
1504 5287 1631 5350 studiis
1673 5289 1931 5373 philosophicis

1104 5409 1182 5484 1834
1208 5416 1244 5469 et
1263 5412 1354 5489 1835,
1375 5408 1411 5470 in
1429 5409 1556 5489 quibus
1573 5408 1665 5473 inter
1679 5409 1770 5474 alios
1791 5420 1827 5475 et
1842 5411 1933 5476 Rai-
