4222 6106
839 543 881 552 —
927 507 1103 568 XXXIX
1152 544 1191 553 -

143 731 287 793 fortuna
303 730 529 794 Uhercicium
545 725 796 814 praepositura
820 754 883 795 usa
907 743 973 797 est.
1007 732 1146 810 Petrus,
1171 733 1314 795 ultimus
1339 734 1462 812 abbas,
1486 733 1723 815 Raigradium
1744 754 1782 796 se
1800 754 1881 796 con-

140 869 221 931 tulit
244 869 368 949 ibique
396 873 473 947 1541
508 880 666 932 mortuus
697 881 752 934 est
768 874 800 953 ¹).
847 871 1059 934 Presticium
1090 891 1194 952 vero,
1228 873 1322 952 quod
1353 871 1485 934 virtute
1516 874 1768 935 monachorum
1800 872 1879 936 Cla-

141 1008 384 1071 drubiensium
416 1030 487 1071 una
518 1029 597 1072 curn
630 1011 764 1091 oppido
800 1011 957 1074 eiusdem
990 1011 1140 1073 nominis
1172 1031 1218 1072 ex
1249 1011 1367 1073 cinere
1403 1022 1665 1092 resurrexerat,
1704 1017 1783 1090 1578
1816 1032 1880 1094 per

138 1148 373 1228 Rudolphum
390 1148 433 1210 Π.
458 1147 710 1228 imperatorem
734 1148 944 1211 dissolutum
969 1160 1032 1211 est.
1066 1147 1233 1210 Orlaviae
1251 1147 1414 1228 denique,
1439 1147 1589 1210 Silesiae
1614 1151 1752 1231 potenti
1769 1152 1879 1212 abba-

139 1287 222 1367 tiae,
246 1287 299 1348 ira
318 1286 525 1349 Wenzeslai
545 1287 675 1349 Adami
692 1288 899 1350 Teschenae
924 1288 1033 1368 duciS,
1060 1308 1165 1368 quam
1182 1288 1346 1349 Andreas
1371 1286 1580 1349 Burczinski
1604 1290 1717 1348 abbas
1741 1288 1877 1350 excita-

139 1433 241 1486 verat
256 1444 299 1485 ea
322 1445 371 1504 re,
397 1426 491 1504 quod
515 1424 659 1488 iniurias
682 1426 918 1489 multitudinis
941 1426 1120 1488 fanaticae
1145 1425 1360 1488 monasteria
1384 1426 1606 1488 devastantis
1631 1427 1676 1487 de
1700 1435 1877 1508 suggestu

140 1582 241 1624 sacro
265 1564 514 1644 adcusaverat,
543 1568 624 1626 1560
654 1564 765 1627 exitio
793 1565 919 1645 erat2).
965 1564 1112 1625 Frustra
1143 1564 1304 1625 monachi
1329 1563 1557 1626 Tiniczenses
1590 1565 1877 1628 intercesserunt.

139 1700 255 1781 Ipsius
279 1701 505 1781 imperatoris
529 1703 723 1765 auctoritas
751 1724 820 1766 non
850 1713 987 1767 tanturn
1011 1703 1138 1783 valuit,
1170 1714 1209 1764 ut
1240 1702 1492 1765 monasterium
1522 1702 1682 1765 funditus
1714 1723 1877 1766 eversum

138 1850 401 1902 restauraretur
414 1842 449 1921 ³).

270 1978 440 2043 Ordinem
462 2000 549 2042 vero
577 2000 648 2042 non
677 1980 893 2042 exstinctum
925 2000 1020 2059 esse,
1051 1980 1255 2042 Braunavia
1287 1981 1499 2041 documento
1527 1989 1600 2060 est,
1633 1981 1733 2043 cuius
1765 1983 1878 2043 abbas

138 2118 291 2180 loannes
323 2118 383 2181 ΙΙΙ.
421 2121 673 2198 (1553-1557)
710 2119 882 2181 Policium
916 2119 1200 2201 praeposituram
1235 2118 1460 2198 recuperavit
1492 2128 1528 2181 et
1558 2119 1795 2201 Raigradium
1832 2123 1875 2183 de

138 2257 303 2330 Moravia
327 2259 418 2319 adeo
442 2258 614 2339 meritum,
646 2260 741 2339 quod
765 2269 926 2320 extremo
950 2259 1092 2319 saeculo
1117 2257 1254 2319 decimo
1279 2257 1401 2338 quinto
1425 2257 1668 2337 praepositum
1693 2258 1769 2320 sine
1794 2260 1876 2320 sub-

137 2396 221 2457 ditis
245 2398 420 2459 habuerat
444 2409 480 2458 et
508 2401 586 2474 1572
612 2395 762 2458 flammis
786 2397 950 2458 haustum
976 2405 1067 2476 erat,
1099 2395 1263 2458 restituit.
1310 2396 1433 2457 Aedes
1464 2415 1566 2457 sacra
1593 2396 1799 2458 monasterii
1830 2399 1875 2457 ad

137 2535 323 2598 Sazawam
347 2537 416 2597 iam
439 2556 504 2617 per
527 2536 726 2616 Matthiam,
751 2535 893 2597 Ioannis
916 2554 1192 2616 praecessorem,
1226 2534 1335 2597 cultui
1364 2534 1484 2595 divino
1515 2534 1671 2614 reddita,
1702 2535 1876 2615 simulque

136 2694 268 2736 novum
293 2674 543 2736 monasterium
568 2673 685 2735 missis
710 2674 951 2754 compluribus
974 2673 1152 2755 religiosis
1176 2673 1356 2735 conditum
1380 2684 1434 2735 est
1450 2673 1484 2754 ⁴).

267 2812 394 2892 Neque
418 2813 511 2875 bello
536 2812 604 2893 illo,
630 2832 700 2893 quo
723 2833 788 2893 per
811 2812 959 2894 triginta
981 2831 1093 2873 annos
1110 2810 1322 2873 Germaniae
1339 2821 1455 2872 terrae
1473 2812 1762 2892 devastabantur,
1780 2813 1874 2873 vires

136 2952 240 3012 huius
268 2951 475 3013 monasterii
503 2951 637 3015 fractae
669 2961 760 3014 sunt.
807 2951 882 3013 Iam
910 2956 986 3012 1611
1014 2950 1255 3031 Wolfgangus
1283 2952 1395 3010 abbas
1424 2952 1662 3031 (1602-1619)
1687 2969 1769 3012 acer
1793 2949 1876 3011 fidei

136 3089 306 3151 defensor
329 3091 500 3171 templum
523 3093 569 3151 ab
592 3090 782 3152 haereticis
805 3088 1031 3152 aedificatum
1056 3089 1240 3151 clauserat.
1280 3088 1443 3169 Capitula
1459 3089 1641 3169 generalia
1661 3088 1768 3151 certis
1788 3099 1876 3150 tem-

137 3228 286 3307 poribus
309 3238 383 3291 tum
407 3230 646 3309 habebantur,
672 3249 787 3310 neque
811 3228 916 3290 inrita
940 3239 1041 3290 erant
1064 3247 1184 3289 eorum
1209 3228 1372 3299 decreta;
1400 3226 1493 3288 idem
1518 3227 1610 3289 enim
1633 3227 1875 3309 Wolfgangus

137 3368 271 3429 bullam
298 3368 573 3449 „Benedictina“
599 3378 742 3431 secutus
771 3373 851 3445 1604
874 3370 1042 3429 abbatem
1064 3366 1353 3428 Cladrubiensem
1376 3376 1411 3427 et
1431 3365 1467 3427 in
1487 3365 1649 3446 proxima
1673 3366 1875 3429 visitatione

137 3507 297 3585 generali
320 3508 471 3568 abbates
494 3526 521 3570 s.
545 3507 711 3588 Procopii
734 3508 780 3568 ad
804 3504 997 3585 Sazawam,
1022 3504 1188 3583 Emausii,
1212 3503 1370 3566 Ostrovii
1393 3503 1471 3564 loco
1495 3503 1613 3564 movit.

270 3643 391 3723 Atque
416 3645 523 3706 etiam
539 3645 832 3726 RaigradienseS,
857 3645 952 3724 quod
968 3664 1074 3705 unum
1092 3643 1305 3705 domicilium
1323 3641 1454 3702 ordinis
1471 3641 1506 3702 in
1523 3641 1685 3703 Moravia
1700 3641 1872 3721 reliquum

139 3793 230 3861 erat,
260 3783 386 3843 eodem
410 3783 527 3844 animo
550 3781 675 3861 fuisse,
708 3782 882 3844 seditione
914 3780 1035 3863 primis
1066 3779 1199 3843 saeculi
1231 3778 1374 3859 septimi
1404 3777 1532 3839 decimi
1563 3778 1664 3840 annis
1697 3778 1875 3842 concitata

138 3922 410 4000 comprobatum
434 3931 499 4001 est,
524 3940 737 4000 quamquam
763 3923 858 3999 (1024
883 3918 1033 3999 circiter)
1059 3938 1128 3980 non
1153 3919 1233 3998 plus
1257 3926 1329 3979 tres
1354 3916 1487 3978 incolas
1510 3917 1677 3981 habebat.

272 4056 358 4119 Cum
383 4077 468 4119 vero
492 4059 609 4120 medio
633 4060 775 4120 saeculo
799 4059 937 4120 decimo
961 4057 1113 4138 septimo
1131 4056 1237 4117 etiam
1254 4054 1447 4117 Bohemiae
1464 4065 1500 4117 et
1515 4056 1698 4119 Moraviae
1722 4078 1795 4137 pax
1819 4059 1878 4119 diu

142 4196 351 4258 desiderata
382 4196 601 4279 adfulgeret,
634 4198 740 4259 etiam
770 4198 856 4258 ordo
886 4195 976 4258 fines
1007 4194 1203 4258 officiorum
1235 4195 1376 4276 longius
1407 4193 1566 4274 proferre
1599 4204 1634 4257 et
1665 4195 1810 4256 liberius
1843 4196 1877 4256 in

138 4355 260 4397 curam
285 4335 481 4397 animarum
505 4336 708 4398 incumbere
731 4336 858 4418 potuit.
901 4336 1027 4415 Itaque
1055 4334 1253 4415 disciplina,
1285 4354 1364 4396 cum
1392 4333 1603 4415 praeprimis
1627 4334 1759 4395 ordinis
1783 4335 1878 4414 capi-

140 4474 216 4535 tula
241 4484 278 4535 et
301 4473 524 4536 visitationes
548 4476 772 4555 haberentur,
797 4474 920 4555 vigere
944 4473 1071 4554 coepit.

273 4610 466 4674 Othmarus
483 4615 596 4674 abbas
612 4613 888 4674 Braunaviensis
906 4613 1144 4692 (1700-1738)
1162 4612 1269 4672 etiam
1283 4611 1571 4692 Wahlstadtium,
1589 4631 1679 4692 quae
1697 4610 1879 4691 praeposi·

136 4761 221 4812 tura
238 4749 443 4830 Opatovicii
467 4750 594 4832 fuerat,
619 4751 702 4814 emit
719 4761 755 4813 et
771 4772 900 4813 novum
917 4750 1174 4813 monasterium·
1186 4751 1364 4812 exstruxit
1385 4755 1463 4829 1738
1480 4750 1649 4812 fratribus
1666 4749 1832 4812 traditum
1842 4750 1879 4829 ⁵).

276 4993 296 5072 ¹)
322 4995 423 5050 Duilik
447 4996 464 5052 l.
490 5017 515 5052 c.
540 4997 577 5052 ll.

275 5106 298 5185 ²)
322 5108 414 5163 Frind
438 5108 456 5164 l.
481 5129 507 5164 c.
532 5110 581 5166 IV.

274 5220 297 5299 ³)
321 5223 428 5295 Heyne
452 5223 469 5279 l.
496 5242 521 5278 c.

276 5332 299 5412 ⁴)
323 5335 495 5391 Chronicon
521 5337 747 5391 Blcvnoviense
771 5349 801 5391 et
824 5335 926 5391 Dudik
950 5335 967 5390 l.
993 5355 1018 5390 c.
1044 5334 1081 5389 ll.

277 5445 299 5524 ⁵)
324 5448 496 5506 Chronicon
522 5449 748 5503 Bievnoviense
772 5461 802 5502 et
826 5446 927 5503 Dudik
951 5447 968 5502 l.
994 5465 1019 5501 c.
1044 5446 1081 5501 II.
