4252 6112
917 463 1202 533 -351-

192 654 283 717 cium
308 650 579 715 eucharisticum
604 649 740 711 obtulit.
766 648 859 711 Dein
884 647 1021 709 iuvenis
1059 652 1062 673 '
1102 646 1221 708 Animi
1239 648 1375 709 cultura
1398 646 1488 712 inter
1511 666 1593 708 suos
1617 647 1750 728 optime
1776 646 1935 713 stabilita

193 778 308 839 adhuc
333 776 514 853 sacerdos,
543 793 622 835 cum
646 791 776 853 magna
799 770 835 832 in
859 789 901 832 eo
925 778 1021 831 esset
1060 760 1063 857 ξ
1103 769 1146 829 de
1159 770 1346 849 temporali
1359 778 1479 832 eorum
1491 774 1727 835 emolumento
1740 791 1845 852 quam
1860 798 1933 839 ma-

192 899 323 981 pietas,
360 897 572 959 novitiorum
607 894 779 976 magister
809 893 1022 955 constitutus
1060 880 1063 891 ¹
1102 890 1196 952 xime
1214 902 1290 954 erat
1306 892 1487 956 sollicitus,
1512 894 1673 979 Longum
1687 912 1743 962 est
1758 920 1934 985 enarrare,

194 1031 263 1091 est;
285 1040 355 1102 quo
372 1020 407 1080 in
424 1017 541 1080 officio
558 1037 623 1099 per
639 1016 835 1079 octodecim
852 1033 1022 1077 annorum
1103 1032 1336 1096 quaecunque
1348 1015 1415 1077 hac
1428 1017 1463 1077 in
1475 1036 1513 1079 re
1526 1019 1755 1085 saluberrime
1767 1027 1931 1107 gesserit.

194 1143 348 1225 spatium
363 1161 432 1203 non
444 1140 520 1202 sine
533 1140 688 1202 maximo
701 1138 917 1201 confratrum
930 1156 1023 1199 emo·
1061 1108 1064 1217 i
1104 1133 1154 1195 Ut
1178 1144 1297 1198 cetera
1319 1137 1461 1201 silentio
1486 1149 1673 1224 transeam,
1697 1148 1881 1226 praedium
1900 1150 1934 1212 in

193 1266 351 1327 lumento
368 1263 566 1326 desudavit.
591 1263 664 1324 Iam
680 1281 765 1323 vero
792 1263 836 1323 de
857 1261 971 1343 gradu
988 1259 1023 1320 in
1104 1253 1313 1339 Ottakring,
1341 1259 1463 1323 usibus
1488 1261 1713 1329 Scotensium
1737 1288 1935 1335 accommo-

195 1388 345 1470 gradum
362 1385 532 1464 elevatus,
550 1404 642 1446 nunc
659 1384 854 1446 animarum
866 1402 972 1444 curae
989 1382 1024 1443 in
1105 1378 1340 1462 (latissimum,
1362 1384 1491 1447 multos
1511 1406 1632 1468 agros,
1654 1389 1793 1471 vineaS,
1814 1393 1933 1477 silvas,

196 1507 399 1571 monasterii
424 1507 593 1588 parochia
614 1509 787 1586 admotuS,
816 1509 907 1584 1748,
932 1524 1023 1566 nunc
1104 1510 1208 1581 prata
1225 1505 1455 1585 comparavit.
1477 1506 1595 1588 Quare
1612 1531 1682 1573 non
1699 1514 1812 1576 solum
1829 1536 1850 1577 a
1867 1517 1937 1579 fra-

195 1640 406 1713 suggestum
422 1628 617 1691 Dominicis
641 1627 766 1690 diebus
790 1627 921 1689 ibidem
943 1646 1025 1689 con·
1104 1623 1218 1686 tribus
1231 1625 1458 1708 singulariter
1471 1628 1698 1712 diligebatur,
1712 1637 1776 1697 sed
1786 1649 1935 1718 propter

197 1754 368 1815 scandere
393 1752 519 1831 iussus,
544 1771 635 1812 nunc
661 1769 805 1812 munere
829 1747 1024 1830 subprioris
1063 1768 1066 1821 ι
1106 1744 1280 1828 insignem
1296 1750 1522 1828 prudentiam
1539 1772 1638 1816 suam
1663 1755 1697 1818 in
1723 1760 1830 1821 rebus
1854 1780 1937 1840 quo-

196 1886 231 1938 et
254 1874 400 1956 parochi
425 1875 615 1936 decoratus
647 1877 736 1953 1763,
762 1881 847 1934 vota
871 1870 1025 1933 omnium
1106 1870 1336 1951 quepublicis
1348 1893 1479 1956 magna
1489 1887 1565 1938 erat
1575 1879 1798 1943 auctoritate.
1814 1883 1854 1945 In
1866 1893 1937 1945 sta-

196 2017 336 2078 semper
354 1995 546 2076 superavit.
570 1995 722 2057 Divinae
738 2013 823 2056 vero
837 1993 1025 2075 providen·
1106 2000 1203 2053 tuum
1220 1992 1397 2057 inferioris
1413 1997 1583 2061 Austriae
1604 2001 1815 2082 deputatum
1835 2025 1857 2066 a
1877 2026 1938 2087 pa-

196 2120 266 2182 tiae
284 2118 432 2181 consilio
445 2120 490 2179 ad
504 2117 637 2179 maiora
649 2116 716 2179 fuit
729 2116 937 2178 destinatus.
961 2113 1026 2177 Ca·
1106 2113 1196 2176 triae
1212 2116 1375 2195 patribus
1398 2119 1522 2201 electo,
1546 2123 1785 2203 amplissimus
1801 2127 1937 2207 aperie·

197 2242 324 2305 nonica
341 2261 427 2322 ergo
441 2240 614 2302 electione
630 2239 687 2301 die
706 2260 732 2317 7.
746 2239 851 2301 Mart.
868 2241 948 2317 1765
965 2239 1026 2299 ab·
1106 2237 1212 2299 batur
1225 2258 1382 2320 campus,
1397 2261 1501 2320 quem
1515 2241 1725 2308 intemerato
1737 2246 1844 2309 animi
1855 2269 1936 2311 can-

195 2368 261 2427 bas
277 2363 490 2426 constitutus
508 2373 543 2425 et
559 2361 678 2423 infulis
690 2360 952 2442 pontificalibus
968 2359 1026 2421 die
1065 2410 1068 2431 ,
1107 2362 1192 2422 dore
1210 2360 1422 2424 decurreret.
1452 2362 1517 2426 Cui
1533 2367 1668 2429 muneri
1685 2369 1849 2432 admotus
1865 2390 1937 2433 om-

197 2491 226 2549 8.
240 2488 328 2568 Apr.
347 2487 504 2548 eiusdem
521 2485 604 2546 anni
617 2484 799 2547 redimitus
813 2494 877 2548 est.
901 2484 1026 2564 Itaque
1106 2482 1165 2544 nia
1177 2485 1267 2545 adeo
1280 2485 1489 2547 adsalutem
1502 2487 1681 2567 publicam
1693 2491 1936 2575 principisque

197 2620 300 2691 pater
324 2609 478 2671 omnium
500 2608 627 2689 factus,
652 2626 845 2689 omnesque
865 2625 949 2669 suos
964 2627 1027 2689 pa·
1065 2640 1068 2707 ἶ
1108 2606 1259 2668 salutem
1283 2607 1412 2688 retulit,
1437 2617 1476 2670 ut
1496 2609 1598 2673 huius
1620 2622 1765 2675 senatus
1790 2633 1937 2695 praeses

196 2745 297 2795 terno
314 2751 433 2793 amore
455 2731 673 2811 complexus,
698 2729 783 2792 nihil
807 2728 944 2791 dulcius
965 2730 1027 2790 du·
1065 2746 1068 2843 q
1107 2728 1225 2809 palam
1239 2728 1405 2791 edixerit:
1423 2728 1461 2793 Si
1475 2750 1543 2792 non
1556 2731 1680 2814 Magni
1695 2732 1938 2799 Gottvicensis

197 2853 560 2933 cebataciucundiuS,
574 2873 680 2934 quam
692 2851 839 2915 fratrum
853 2852 1027 2913 incorona
1065 2860 1068 2977 ἱ
1108 2862 1144 2912 et
1160 2850 1341 2913 Bennonis
1357 2851 1544 2914 Scotorum
1562 2854 1730 2918 abbatum
1747 2858 1937 2939 prudentia

196 2978 361 3040 laudibus
389 2976 517 3037 divinis
539 2976 596 3038 die
613 2953 790 3057 noctuque
813 2974 1026 3037 incumbere.
1065 3044 1068 3093 1
1109 2983 1145 3036 et
1172 2973 1388 3036 dexteritate
1415 2973 1612 3058 fulciretur,
1645 2997 1683 3039 se
1715 2979 1937 3061 negotiorum

197 3099 374 3182 Imprimis
387 3099 544 3162 intentus
557 3101 602 3160 ad
615 3100 783 3161 honorem
795 3095 1027 3176 Omnipoten·
1065 3126 1069 3249 q
1108 3096 1199 3158 mole
1212 3098 1386 3177 obrutum,
1400 3097 1499 3158 oneri
1510 3096 1658 3162 ferendo
1672 3100 1840 3182 imparem
1851 3101 1938 3167 fore.

200 3223 255 3302 tis,
264 3222 456 3284 exstructis
466 3241 530 3283 sex
540 3241 685 3283 numero
695 3219 856 3283 ecclesiis
864 3218 1028 3281 totidem·
1066 3262 1069 3307 ,
1108 3217 1263 3299 Insignis
1280 3218 1339 3279 illa
1356 3218 1537 3281 Bennonis
1554 3221 1778 3285 consiliorum
1795 3223 1940 3306 integri·

199 3366 268 3427 que
281 3343 465 3425 aedificiiS,
482 3344 517 3405 in
531 3343 659 3424 quibus
672 3344 877 3405 sacerdotes
890 3340 1028 3403 habita·
1066 3354 1069 3431 l
1108 3352 1164 3401 tas
1187 3339 1312 3422 fugere
1336 3361 1405 3403 non
1430 3353 1571 3423 poterat
1592 3342 1728 3406 Mariae
1745 3344 1939 3409 Therasiae

199 3476 286 3546 rent,
304 3465 590 3546 comparatisque
614 3464 733 3527 multis
757 3466 863 3526 rebus
886 3465 933 3526 ad
955 3482 1029 3525 rem
1066 3498 1070 3649 l
1110 3463 1345 3544 imperatricis
1369 3466 1524 3544 obtutus,
1553 3484 1645 3546 quae
1671 3485 1750 3528 eum
1774 3467 1808 3528 in
1833 3470 1940 3529 rebus

200 3590 353 3651 divinam
372 3598 407 3650 et
424 3588 490 3650 rite
506 3596 541 3649 et
554 3586 741 3669 magnifice
754 3587 1030 3668 perpetrandam
1110 3585 1284 3667 gravioris
1300 3586 1468 3648 momenti
1489 3605 1631 3667 semper
1653 3590 1829 3651 consuluit
1850 3591 1941 3652 eius-

199 3711 420 3791 necessariis,
437 3730 574 3771 summa
591 3710 710 3771 enisus
725 3720 780 3771 est
796 3728 874 3790 ope,
892 3720 931 3770 ut
943 3707 1029 3769 illud
1067 3678 1071 3773 i
1111 3728 1179 3789 que
1193 3708 1398 3771 consultain
1411 3708 1551 3790 insigne
1563 3711 1694 3771 bonum
1708 3711 1846 3790 patriae
1859 3730 1941 3773 exe-

200 3857 225 3896 s.
236 3855 269 3914 p.
279 3855 311 3897 n.
322 3832 507 3895 Benedicti
523 3843 581 3913 „ut
594 3833 629 3894 in
641 3832 804 3893 omnibus
813 3829 1031 3913 glorificetur
1068 3778 1071 3889 i
1111 3830 1241 3893 cutioni
1264 3830 1502 3892 demandavit.
1530 3829 1645 3891 Maria
1667 3849 1809 3912 quoque
1824 3832 1940 3913 Anna,

200 3957 374 4019 Deus“ad
388 3954 784 4035 effectumperduceret.
799 3951 872 4016 Sed
882 3952 966 4034 quid
980 3952 1031 4013 iu·
1069 3956 1071 4035 ξ
1110 3951 1269 4034 piissima
1292 3950 1428 4013 Mariae
1450 3951 1641 4013 Therasiae
1661 3951 1747 4031 filia,
1770 3952 1942 4015 archidux

200 4091 260 4141 vat
270 4076 540 4159 templiDomini
551 4096 595 4137 ex
605 4075 724 4156 lapide
734 4073 926 4137 constructi
937 4093 1031 4154 cura,
1069 4070 1072 4143 ξ
1111 4073 1289 4153 Austriae,
1303 4092 1383 4135 eum
1393 4076 1484 4135 adeo
1493 4076 1741 4155 venerabatur,
1755 4085 1793 4137 ut
1806 4094 1851 4137 ex
1863 4076 1940 4137 eius

200 4202 230 4263 si
247 4202 418 4282 templum
431 4199 550 4261 vivum
563 4198 787 4281 negligatur?
807 4197 902 4259 Nihil
917 4197 1031 4259 minus
1070 4202 1073 4289 ,
1113 4196 1214 4276 quasi
1235 4215 1296 4258 ore
1317 4198 1490 4277 penderet
1514 4206 1550 4259 et
1573 4215 1653 4259 eum
1677 4198 1942 4261 adhortatorem

201 4325 360 4406 neglexit
376 4321 468 4384 filios
481 4341 574 4402 suos,
591 4341 634 4383 ne
648 4321 706 4382 vel
719 4340 825 4382 unum
838 4319 939 4381 exiis
952 4338 1033 4400 per·
1070 4296 1073 4423 ἶ
1113 4331 1330 4401 sequeretur.
1362 4320 1462 4382 Haec
1490 4319 1643 4401 denique
1669 4330 1798 4383 exacta
1822 4320 1943 4383 iudicii

205 4449 314 4508 deret.
340 4444 490 4525 Semper
507 4443 635 4505 fratres
655 4444 701 4504 ad
719 4442 874 4504 studium
890 4440 1032 4503 virtutis
1071 4428 1073 4499 Ε
1112 4443 1217 4522 rati0,
1249 4443 1426 4523 animique
1456 4442 1667 4505 intemerata
1696 4442 1785 4505 fides
1814 4443 1862 4504 illi
1889 4443 1944 4505 Ιο-

202 4579 238 4631 et
251 4567 432 4649 sregulae
442 4565 583 4626 fidelem
592 4564 856 4626 observantiam
865 4564 1032 4625 adhorta·
1071 4538 1074 4643 i
1113 4565 1215 4646 sephi
1236 4565 1292 4643 II·.,
1316 4565 1560 4627 Romanorum
1584 4565 1808 4646 imperatoris
1829 4565 1945 4628 conci·

202 4693 321 4762 batum
346 4698 503 4751 attamen
524 4688 655 4749 nullam
674 4687 839 4749 virtutem
858 4705 1034 4747 commen·
1072 4734 1074 4785 Ι
1113 4687 1213 4750 liavit
1229 4687 1514 4750 aestimationem
1525 4684 1638 4767 'atque
1655 4686 1782 4768 effecit,
1799 4697 1847 4767 ut,
1865 4706 1944 4748 cum

203 4813 311 4893 davit,
326 4812 382 4875 cui
394 4812 470 4892 ipse
480 4809 861 4893 priorluculentissima
871 4808 1033 4890 specimi·
1071 4800 1075 4875 i
1113 4811 1158 4872 de
1175 4810 1364 4871 adunando
1386 4809 1569 4872 sacratiori
1594 4808 1743 4870 concilio
1767 4816 1944 4890 ageretur,

204 4956 248 4998 na
262 4956 330 4997 non
347 4936 494 4997 dederit.
512 4935 637 5015 Itaque
650 4933 737 4995 illud
750 4932 843 4995 omni
857 4951 943 4994 auro
955 4952 1034 5013 pre·
1072 4940 1075 4963 ¹
1113 4931 1149 4993 in
1173 4950 1242 5010 quo
1263 4950 1393 4992 causae
1416 4950 1614 5013 pauperum
1638 4943 1674 4993 et
1697 4930 1945 4993 fundationum

203 5058 327 5120 tiosius
345 5056 586 5120 testimonium
603 5057 649 5117 ab
664 5054 942 5117 eminentissimo
959 5073 1034 5115 car·
1072 5056 1074 5093 ²
1113 5052 1269 5114 rationes
1296 5063 1416 5115 essent
1443 5053 1702 5133 discutiendae,
1731 5073 1810 5115 eum
1837 5053 1942 5115 huius

205 5181 314 5242 dinali
324 5179 497 5262 Migazzio
507 5178 673 5240 obtinuit:
689 5175 957 5260 „ApudScotos
968 5176 1035 5236 sub
1072 5192 1075 5231 2
1115 5173 1946 5256 congressuspraesidemdenominarit.Sedne-

207 5303 378 5365 Bennone
396 5304 526 5364 abbate
550 5301 653 5363 simul
670 5300 893 5382 disciplinam
915 5317 1035 5361 mona·
1072 5300 1075 5371 ξ
1116 5316 1184 5376 que
1200 5296 1286 5358 illu'd
1302 5295 1443 5358 silentio
1460 5306 1514 5359 est
1526 5297 1833 5378 praetereundum,
1851 5298 1945 5378 quod

204 5425 330 5487 sticam
347 5435 383 5486 et
400 5424 596 5486 litterarum
613 5418 731 5486 studia
747 5442 861 5504 aeque
875 5420 1033 5484 florere.“
1073 5392 1076 5443 ⁸
1115 5419 1288 5500 Iosephus
1304 5418 1359 5498 II.,
1376 5428 1502 5500 pectus
1520 5418 1595 5480 eius
1612 5438 1718 5482 cruce
1733 5418 1946 5500 pretiosissi-
