4252 6112
922 466 1203 533 —126—

190 678 263 733 tam
278 668 407 732 festive
425 678 622 750 acceptum,
639 687 680 730 ac
697 666 959 749 taphographia
975 668 1021 729 ab

190 801 344 874 augusta
359 791 408 856 M.
422 790 601 873 Theresia,
620 810 698 853 cum
717 791 908 872 imperator
927 788 1022 852 litte·

190 934 248 978 ras
268 915 364 977 haud
384 914 506 996 magni
526 913 741 995 aestimaret,
766 930 946 994 saepeque
971 910 1022 972 di-

191 1054 272 1098 cere
296 1035 452 1097 auditus:
480 1033 528 1099 Se
551 1035 808 1117 Lotharingum
831 1053 925 1115 esse,
951 1053 1022 1096 non

189 1156 491 1240 Habsburgicum.
515 1158 613 1221 Inter
624 1158 693 1220 alia
707 1177 826 1239 opera,
844 1175 936 1239 quae
952 1156 1022 1219 iam

190 1280 304 1342 abbas
316 1280 547 1361 elucubravit,
561 1290 622 1343 aut
631 1279 826 1361 perfectius
839 1280 1022 1342 elaborata

190 1401 226 1465 in
242 1402 424 1483 publicum
440 1402 566 1484 emisit,
584 1402 704 1484 magni
721 1403 767 1464 ab
783 1400 930 1463 eruditis
947 1400 1022 1464 exi-

191 1523 355 1586 stimatur
366 1524 482 1587 Vetus
501 1524 663 1607 Liturgia
675 1523 917 1606 Alemannica,
935 1543 1022 1586 suae

190 1645 381 1727 sanctitati,
402 1645 561 1728 pontifici
576 1646 642 1708 Pio
653 1645 716 1707 VI.
733 1645 908 1725 dedicata,
930 1665 1021 1728 quae

191 1778 273 1849 post
297 1768 413 1830 editas
435 1768 576 1849 Italiae,
601 1766 739 1830 Galliae
765 1775 801 1830 et
823 1767 1021 1848 Hispaniae

189 1889 353 1972 liturgias
365 1891 440 1953 sola
453 1891 568 1954 adhuc
577 1891 859 1971 desiderabatur,
872 1898 908 1953 et
921 1889 1022 1951 cuius

191 2011 457 2075 concinnandae
488 2011 605 2093 gratia
635 2011 848 2093 praecipuas
875 2008 1021 2074 Germa·

190 2136 271 2197 niae
292 2134 462 2197 ecclesias
485 2135 708 2197 cathedrales
733 2144 769 2197 et
791 2133 1021 2196 monasterio-

190 2276 267 2318 rum
287 2255 522 2319 bibliothecas
542 2256 832 2336 perlustraverat.
856 2255 1021 2317 Alterum

192 2377 321 2440 deinde
352 2396 461 2458 opus,
498 2379 593 2459 quod
630 2377 826 2458 inscripsit:
861 2375 1021 2439 Historia

191 2498 315 2583 nigrae
343 2499 454 2562 silvae
483 2501 556 2562 ord.
581 2518 608 2561 s.
632 2499 820 2561 Benedicti
842 2497 1020 2579 Coloniae,

191 2640 263 2683 non
278 2622 382 2683 modo
398 2639 455 2683 res
472 2622 604 2682 ordinis
626 2640 652 2682 s.
669 2620 866 2703 Benedicti,
889 2640 952 2683 seu
970 2619 1021 2682 hi-

192 2741 337 2804 storiam
353 2742 507 2804 omnium
523 2743 707 2825 utriusque
724 2761 832 2804 sexus
844 2750 1021 2804 monaste-

191 2863 322 2926 riorum
335 2865 402 2926 sub
415 2864 541 2946 regula
553 2883 580 2926 s,
590 2863 779 2927 Benedicti
786 2863 1021 2944 militantium,

192 3004 285 3067 quae
302 2985 383 3048 olim
399 2985 436 3047 in
451 2986 522 3048 late
540 2984 668 3048 diffusa
688 2985 790 3068 nigra
806 2985 896 3048 silva
913 2984 1021 3048 exsti-

191 3115 320 3187 terunt,
337 3117 373 3169 et
388 3107 494 3169 hodie
511 3107 697 3190 exsistunt,
714 3107 923 3189 praesertim
940 3126 1022 3170 con·

191 3229 412 3311 gregationis
433 3228 714 3294 San-Blasianae
735 3250 756 3292 a
777 3230 920 3292 saeculo
941 3248 1022 3309 sep-

1101 665 1205 728 claris
1215 665 1321 728 etiam
1332 664 1500 746 operibus
1511 664 1624 726 fatum
1637 674 1787 746 experta
1804 676 1898 747 sunt,
1916 686 1941 727 a

1101 806 1186 850 vere
1207 787 1322 850 doctis
1343 787 1491 849 multum
1513 787 1669 869 laudata,
1694 787 1786 849 male
1808 797 1939 850 notata

1102 931 1123 973 a
1139 909 1343 973 semidoctis
1364 918 1401 971 et
1420 909 1652 972 novatoribus
1672 909 1766 972 illius
1787 911 1937 992 saeculi,

1102 1033 1162 1115 qui
1178 1052 1217 1095 se
1233 1031 1447 1094 illuminatos
1463 1032 1640 1114 dicebant,
1663 1042 1699 1095 et
1718 1069 1761 1079 -
1781 1032 1851 1114 ipsi
1872 1034 1939 1095 du-

1102 1175 1162 1218 ces
1186 1154 1350 1218 coeci-
1372 1154 1461 1217 alios
1487 1154 1694 1217 inluminare
1721 1157 1938 1235 praetende·

1100 1279 1202 1351 bant;
1218 1277 1351 1340 veritas
1368 1277 1501 1360 quippe
1517 1277 1637 1340 odium
1655 1278 1757 1358 parit.
1779 1277 1938 1341 Littera-

1100 1400 1190 1462 rium
1204 1401 1452 1463 commercium
1468 1398 1636 1482 frequens
1649 1400 1776 1463 habuit
1788 1420 1870 1463 cum
1883 1401 1938 1463 in-

1100 1521 1270 1584 lustribus
1287 1531 1323 1584 et
1340 1520 1487 1584 eruditis
1500 1519 1725 1604 Germaniae,
1739 1520 1881 1585 Galliae
1898 1532 1939 1585 et

1100 1643 1225 1706 Italiae
1241 1643 1336 1726 viris,
1350 1643 1442 1707 inter
1455 1664 1543 1727 quos
1553 1645 1674 1725 plures
1688 1654 1790 1708 erant
1799 1645 1860 1707 vel
1871 1666 1937 1708 no-

1100 1764 1239 1827 bilitate
1251 1764 1393 1847 generis
1405 1766 1463 1828 vel
1475 1765 1719 1829 ecclesiastica
1735 1777 1796 1829 aut
1808 1787 1937 1831 saecu-

1101 1886 1165 1948 lari
1178 1886 1353 1968 dignitate
1368 1887 1534 1970 insignes,
1545 1888 1733 1951 acatholici
1745 1888 1854 1951 etiam
1863 1910 1937 1953 non

1101 2007 1216 2089 pauci.
1239 2007 1374 2071 Harum
1392 2008 1622 2090 epistularum
1636 2011 1818 2091 complura
1834 2012 1937 2073 volu·

1100 2130 1195 2192 mina
1206 2129 1242 2192 in
1251 2130 1410 2193 ordinem
1422 2133 1569 2194 redacta
1581 2142 1735 2215 exstant,
1747 2153 1840 2215 quae
1853 2153 1936 2196 cum

1101 2252 1260 2332 plurimis
1272 2252 1350 2314 aliis
1359 2263 1571 2335 perpetuum
1582 2254 1777 2317 doctissimi
1789 2255 1936 2317 abbatis

1100 2385 1365 2436 monumentum
1382 2385 1494 2438 erunt.
1518 2375 1596 2437 Etsi
1611 2395 1697 2438 vero
1712 2375 1856 2438 humilis
1872 2379 1936 2439 ab·

1100 2498 1166 2558 bas
1184 2496 1244 2559 diu
1265 2506 1442 2580 noctuque
1464 2497 1591 2560 studiis
1606 2499 1769 2560 vacando
1789 2497 1935 2562 minime
2000 2542 2006 2555 .

1101 2619 1251 2681 nominis
1263 2618 1394 2682 famam
1407 2629 1468 2683 aut
1480 2620 1658 2683 hominum
1669 2622 1811 2683 laudem
1825 2641 1935 2702 quae-

1101 2740 1193 2822 sivit,
1218 2742 1282 2803 sed
1305 2742 1418 2804 solum
1441 2762 1506 2824 pro
1528 2742 1768 2805 confirmanda
1791 2742 1935 2826 religio·

1100 2882 1155 2944 ne,
1173 2863 1400 2926 dilucidanda
1415 2864 1567 2927 veritate
1583 2863 1751 2927 historica
1773 2873 1809 2927 et
1826 2865 1934 2927 saluti

1100 2984 1280 3047 hominum
1300 2985 1452 3066 scripsit,
1473 3006 1642 3068 magnum
1661 2997 1782 3049 tamen
1801 3007 1932 3050 nomen

1101 3107 1183 3170 inde
1207 3107 1275 3169 sibi
1302 3108 1537 3189 comparavit,
1567 3118 1602 3171 et
1630 3108 1931 3172 existimationem

1100 3231 1196 3293 haud
1211 3230 1396 3312 vulgarem
1413 3231 1509 3312 apud
1524 3232 1627 3293 aulae
1643 3250 1835 3294 caesareae
1852 3251 1932 3312 pro·

192 3349 277 3413 timo
289 3371 403 3434 usque
416 3352 461 3413 ad
471 3351 624 3413 medium
634 3351 763 3415 decimi
773 3351 902 3433 octavi,
912 3353 1022 3413 sedet
1059 3372 1063 3453 g
1101 3372 1201 3416 ceres
1221 3353 1440 3433 praesertim,
1465 3353 1534 3434 qui,
1560 3353 1722 3434 quamvis
1744 3373 1816 3416 non
1838 3355 1931 3417 litte·

190 3476 422 3540 hierarchiam
447 3478 725 3541 ecclesiasticam
751 3478 1021 3559 episcopatuum

192 3596 484 3682 Constantiensis,
497 3600 824 3682 Argentoratensis,
841 3598 1021 3681 Spirensis

192 3728 228 3781 et
258 3720 475 3783 Basileensis
508 3722 690 3803 describit,
723 3722 845 3785 addita
876 3722 1022 3803 insuper

192 3840 376 3904 illustrium
393 3843 429 3904 in
444 3843 534 3905 silva
551 3843 653 3925 nigra
672 3842 893 3925 familiarum,
915 3852 1021 3906 antea

193 3962 370 4025 oblivione
394 3966 599 4027 obrutarum
618 3965 775 4029 historia.
798 3965 874 4028 Nec
895 3966 1020 4028 minori

191 4082 289 4144 laudi
304 4085 456 4147 cedebat
478 4086 601 4148 abbati
621 4106 712 4167 opus
736 4087 926 4170 diligenter
951 4089 1021 4150 ela·

192 4203 355 4267 boratum
372 4208 416 4268 de
433 4216 539 4269 cantu
555 4217 591 4269 et
607 4209 741 4270 musica
754 4228 855 4271 sacra
871 4230 892 4271 a
907 4210 1021 4290 prima

193 4325 366 4388 ecclesiae
382 4336 501 4390 aetate
519 4349 630 4411 usque
647 4330 693 4391 ad
710 4350 880 4411 praesens
897 4351 1019 4394 saecu-

192 4447 274 4509 lum.
298 4449 492 4511 Brevitatis
509 4470 618 4512 causa
634 4452 736 4531 plura
757 4451 828 4515 alia
848 4472 958 4533 opera
974 4456 1020 4516 ab

192 4570 325 4631 abbate
338 4571 539 4652 conscripta
551 4571 721 4634 sileantur
727 4573 795 4653 hic,
808 4593 886 4636 cum
900 4593 1019 4637 eorum

156 4778 159 4783 ἢ
192 4692 360 4754 elenchus
380 4693 478 4774 typis
503 4712 696 4775 expressus
717 4703 845 4759 exstet.
868 4696 1020 4760 Demum

191 4813 405 4877 venerabilis
418 4834 529 4878 senex
541 4818 817 4900 septuagenario
833 4820 944 4881 maior
959 4820 1020 4882 ad·

190 4939 260 5000 huc
272 4937 415 5019 scripsit
428 4939 472 5000 de
484 4938 627 5001 sublimi
638 4939 673 5002 in
686 4941 872 5022 evangelio
881 4940 1020 5024 Christi,

191 5064 227 5126 in
247 5065 399 5145 gratiam
421 5064 645 5149 confratrum,
666 5077 705 5130 ut
725 5087 787 5130 eos
803 5069 849 5130 ad
866 5068 1020 5131 studium

193 5204 220 5248 s.
237 5185 431 5268 scripturae
444 5189 627 5272 excitaret,
645 5190 739 5271 quod
753 5210 842 5271 opus
855 5190 931 5253 eius
943 5210 1021 5253 suc-

193 5325 314 5369 cessor
343 5310 456 5370 abbas
482 5311 670 5374 Mauritius
701 5312 798 5395 typis
828 5312 1019 5375 mandavit.

131 5508 134 5513 ¹
192 5428 294 5491 Haec
310 5432 451 5494 abbatis
467 5451 575 5513 opera
591 5433 702 5497 simile
719 5454 799 5496 cum
819 5434 898 5497 aliis
919 5454 1020 5516 prae·

1100 3476 1178 3556 rati,
1195 3476 1392 3538 litterarum
1407 3485 1526 3537 tamen
1543 3476 1695 3537 cultores
1712 3495 1792 3538 esse
1805 3487 1868 3540 aut
1880 3478 1930 3540 vi-

1102 3598 1177 3662 deri
1192 3598 1371 3660 volebant.
1391 3597 1509 3677 Quare
1527 3597 1595 3678 ipsi
1607 3597 1722 3660 facilis
1739 3608 1775 3660 et
1792 3608 1870 3661 erat
1885 3601 1930 3662 ad

1100 3717 1178 3780 illos
1202 3737 1383 3790 accessus;
1408 3727 1444 3781 et
1468 3719 1613 3800 negotia
1640 3738 1704 3781 sua
1726 3719 1868 3783 facilius
1894 3730 1930 3784 et

1100 3840 1203 3903 citius
1219 3840 1390 3920 expedire
1407 3849 1558 3920 poterat.
1579 3841 1638 3903 Nil
1653 3842 1768 3924 magis
1784 3842 1821 3904 in
1837 3843 1930 3906 votis

1098 3963 1223 4026 habuit
1249 3962 1404 4043 optimus
1427 3971 1544 4045 pater,
1569 3984 1674 4044 quam
1697 3974 1736 4027 ut
1759 3967 1871 4028 verbo
1895 3975 1930 4028 et

1100 4087 1265 4167 exemplo
1279 4085 1371 4148 filios
1388 4085 1457 4148 sibi
1473 4085 1604 4148 similes
1625 4087 1802 4167 redderet,
1826 4087 1929 4150 disci·

1099 4209 1218 4289 plinae
1251 4209 1444 4291 regulariS,
1476 4208 1671 4271 studiorum
1702 4219 1739 4272 et
1768 4211 1929 4272 laborum

1100 4339 1274 4404 amantes;
1292 4350 1397 4412 quem
1411 4331 1445 4393 in
1456 4329 1562 4393 finem
1576 4331 1735 4393 subsidia
1746 4331 1929 4411 litteraria,

1099 4472 1189 4535 quae
1202 4453 1365 4516 incendio
1378 4453 1567 4535 perierant,
1578 4453 1759 4535 resarcire,
1773 4453 1879 4517 immo
1893 4464 1929 4516 et

1099 4595 1231 4658 augere
1255 4576 1401 4639 studuit.
1425 4575 1684 4639 Bibliothecam
1705 4576 1768 4638 vix
1790 4585 1930 4638 exstru-

1100 4708 1193 4761 ctam
1206 4718 1312 4780 quam
1325 4698 1486 4779 plurimis
1499 4708 1534 4760 et
1547 4698 1700 4760 melioris
1712 4708 1819 4759 notae
1831 4697 1930 4760 libris

1100 4822 1254 4903 undique
1264 4820 1669 4902 conquisitis,archivum
1679 4819 1930 4900 manuscriptis

1101 4943 1240 5008 ornavit
1255 4943 1430 5024 pretiosis,
1452 4942 1800 5024 nummophylacium
1820 4942 1930 5004 rario-

1100 5087 1176 5129 rum
1192 5067 1475 5129 nummismatum
1489 5065 1757 5128 adcessionibus
1772 5064 1931 5145 locuple-

1100 5188 1199 5271 tavit,
1217 5189 1449 5251 instrumenta
1465 5187 1714 5250 mathematica
1731 5196 1767 5249 et
1779 5186 1930 5269 physica

1100 5319 1136 5374 et
1156 5330 1321 5392 magnam
1344 5310 1566 5373 cochlearum
1591 5321 1627 5371 et
1649 5308 1822 5372 fossilium
1847 5328 1929 5372 con-

1099 5433 1213 5516 gessit
1223 5432 1372 5514 copiam‚
1384 5443 1420 5496 et
1428 5433 1705 5516 typographiam
1714 5432 1930 5514 comparatis
