4222 6106
910 433 1192 519 -432-

271 642 336 698 Vll.
355 640 653 713 Vergissmeinnicht.
676 639 761 694 lhrer
778 638 1016 712 konigl.Hoheit
1053 651 1057 727 1
1095 631 1436 715 (peripneumoniam
1450 631 1583 712 dicunt)
1598 651 1679 693 eum
1692 633 1889 712 apprehendit

184 748 280 803 Maria
306 745 463 802 Dorothea
484 743 601 800 Amalie
624 762 670 799 am
693 742 781 817 Tage
805 743 889 798 lhrer
913 755 1015 798 ersten

184 852 252 907 heil.
271 851 467 907 Communion
485 850 514 904 in
530 847 575 904 St.
593 849 718 903 Martius
735 847 824 914 Dom,
846 845 900 901 der
921 845 1014 902 Glau-

184 953 360 1027 benswiege
387 953 442 1008 des
470 951 692 1026 Ungarlandes,
720 970 785 1006 zum
815 952 933 1005 Kranze
961 969 1015 1024 ge·

185 1059 315 1113 tlochten
332 1075 392 1113 von
405 1056 459 1112 der
471 1053 713 1128 treuergebenen
724 1051 865 1109 Erzabtei
876 1054 1015 1108 Martius·

185 1162 271 1236 berg.
302 1161 391 1218 1880.
416 1157 445 1238 (1.
468 1179 493 1216 e.
516 1161 550 1216 C.
567 1178 592 1215 r.
614 1157 767 1215 archiduci
784 1159 897 1213 Mariae
914 1157 1015 1212 Doro·

186 1267 272 1321 theae
289 1264 433 1330 Amaliae,
459 1283 525 1318 cum
549 1264 674 1338 primum
698 1261 783 1317 ads.
806 1261 1016 1316 Eucharistiae

187 1382 406 1425 sacramentum
424 1362 606 1443 adcederet.)
623 1366 737 1439 Mayer,
755 1364 853 1420 Wien.

274 1492 354 1548 V111.
373 1490 405 1547 S.
421 1490 566 1547 Benedict
586 1488 646 1544 und
666 1490 730 1544 sein
747 1487 860 1543 Orden.
884 1487 942 1542 Ein
958 1483 1016 1542 So·

187 1587 1016 1666 nettenkranzzurvierzebnhundertjahrigenGeburts·

187 1700 261 1756 feier
283 1718 408 1755 unseres
429 1699 457 1754 h.
475 1699 594 1754 Vaters
619 1693 648 1775 (i.
673 1715 699 1751 e.
724 1694 756 1751 S.
781 1693 962 1751 Benedictus
986 1705 1017 1747 et

190 1803 355 1859 ordocius.
381 1803 508 1858 Carmen
528 1798 807 1871 „Sonettenkranz“
832 1797 942 1853 dictum
964 1814 1017 1852 oc·

191 1909 313 1963 casione
329 1907 409 1963 XIV.
426 1925 450 1961 5.
467 1904 621 1961 Benedicti
637 1897 825 1979 centenarii.)

273 2029 324 2084 lx.
342 2028 389 2083 Ex
406 2027 531 2101 singulis
549 2023 738 2092 carminibus,
760 2041 838 2098 quae
858 2024 888 2078 in
909 2019 1017 2078 libellis

188 2132 366 2209 periodicis:
384 2131 474 2186 Kath.
492 2131 603 2196 Christ,
620 2127 868 2202 Vergangenheit
884 2125 943 2181 und
956 2124 1017 2181 Ge·

189 2249 335 2312 genwart,
351 2233 536 2291 Pest-Ofner
551 2233 674 2300 Blatter,
691 2233 897 2297 Monatrosen‚
921 2226 1018 2285 Send·

187 2340 259 2397 bote
284 2338 468 2416 (Oeniponte
492 2350 522 2392 et
543 2333 703 2414 Viennae),
728 2336 935 2390 Marienrosen
959 2328 1016 2408 (ed.

188 2441 326 2520 Jarisch),
339 2440 452 2498 Sieben
462 2439 643 2496 Schmerzen
651 2441 773 2507 Mariae,
787 2440 816 2494 in
829 2456 923 2514 opere
935 2436 1018 2494 card.

189 2544 407 2622 Diepenbrock
419 2546 708 2617 „Blumenstrauss“,
719 2543 851 2599 Kehrein
864 2542 1019 2614 ,3111111011-

189 2651 270 2706 lese“
291 2653 319 2706 in
336 2651 431 2706 lucem
449 2649 633 2724 prodierunt,
651 2661 819 2704 memoratu
833 2646 923 2720 digna
939 2657 1018 2711 sunt,

189 2773 277 2829 quum
296 2772 384 2828 quam
406 2752 531 2828 plurima
549 2770 651 2807 eorum
668 2750 851 2826 exemplaria
866 2747 1020 2805 divendita

189 2861 217 2914 in
242 2859 322 2913 cultu
345 2857 446 2912 divino
470 2873 592 2930 quoque
616 2854 827 2911 adhibeantur:
855 2855 1018 2924 ,Immacu-

188 2963 266 3017 111111α
278 2958 399 3037 („Hohe
408 2960 466 3015 und
476 2957 668 3036 herrliche“)‚
681 2972 725 3014 et:
739 2957 942 3014 Passionslied
952 2954 1019 3036 („In

188 3065 305 3141 banger
328 3061 595 3142 Leidenstunde“)‚
620 3064 702 3138 quod
729 3064 817 3118 etiam
845 3081 911 3118 cum
939 3063 1018 3117 notis

190 3172 311 3226 musicis
327 3173 450 3245 saepius
467 3169 577 3224 editum
595 3180 649 3223 est.

275 3298 1019 3389 TonhauserLeonardus(Mellicen

190 3425 270 3505 sis),
288 3426 500 3487 Austriacus
517 3424 741 3504 Viennensis,
766 3433 870 3485 natus
893 3422 950 3484 die
968 3441 1019 3500 27.

191 3547 279 3627 Apr.
297 3547 379 3607 anni
399 3551 488 3626 1005,
506 3547 563 3607 die
586 3567 609 3607 1.
623 3546 697 3609 lan.
711 3566 791 3624 1714
805 3565 869 3626 per
881 3544 1019 3607 sollem-

191 3689 271 3730 nem
287 3667 545 3748 professionem
568 3667 682 3730 ordini
699 3666 891 3729 adstrictus
908 3676 963 3729 est
984 3677 1019 3727 et

191 3790 432 3867 25.1un.1719
458 3789 606 3870 primam
622 3790 700 3850 Deo
723 3787 876 3851 hostiam
900 3787 1020 3849 imma-

190 3911 343 3971 culatam
360 3911 499 3973 obtulit.
523 3911 610 3972 Post
623 3910 879 3973 ordinationem
896 3910 931 3971 in
947 3929 1019 3970 mo-

191 4033 347 4094 nasterio
362 4033 587 4094 humaniores
604 4033 751 4114 litteras,
769 4032 850 4094 dein
863 4031 1019 4112 Meliten,

192 4153 226 4213 in
243 4152 385 4233 Lassee,
398 4150 640 4240 Weike'ndorf
654 4165 689 4216 et
706 4153 925 4216 Immendorf
939 4155 1020 4215 doc·

193 4273 319 4334 trinam
333 4272 416 4335 fidei
435 4275 563 4337 docuit.
589 4275 668 4337 Non
689 4276 804 4337 minus
826 4275 1021 4337 collobora-

192 4394 244 4455 vit
269 4395 304 4455 in
327 4396 458 4456 bonurn
480 4397 693 4477 monasterii,
719 4416 798 4458 cum
814 4416 879 4477 per
894 4394 1021 4477 viginti

192 4536 303 4577 annos
320 4516 369 4576 rei
386 4515 648 4599 frumentariae,
670 4518 776 4580 etiam
794 4516 1021 4579 turbulentis·

193 4637 280 4699 simo
289 4638 427 4699 hostilis
436 4639 646 4719 inruptionis
656 4649 827 4721 tempore,
838 4640 925 4702 mira
935 4640 1022 4701 dex-

192 4759 335 4821 teritate
352 4771 545 4841 praeesset,
564 4780 632 4841 quo
646 4761 681 4822 in
694 4759 811 4823 officio
825 4760 1022 4823 confratres

193 4900 275 4942 suos
303 4901 372 4943 non
400 4883 505 4943 modo
534 4902 580 4943 ex
610 4883 717 4964 adipe
744 4883 927 4964 frumenti,
959 4884 1022 4944 sed

194 5002 300 5063 etiam
313 5004 424 5063 verbo
437 5003 533 5064 vitae
546 5003 742 5066 liberaliter
754 5004 897 5085 cibavit,
914 5005 1022 5086 pluri-

193 5144 327 5185 morum
342 5134 417 5187 tum
431 5124 687 5206 religiosorum,
709 5134 782 5187 tum
800 5145 845 5187 ex
862 5126 956 5188 omni
972 5127 1023 5188 vi·

194 5245 285 5307 cinia
297 5245 476 5306 hominum
490 5246 723 5308 saecularium
736 5247 973 5310 confessarius
988 5257 1023 5310 et

194 5377 297 5446 pater
316 5366 519 5447 spiritualis.
543 5368 584 5430 In
601 5369 707 5430 choro
724 5371 867 5431 morbus
883 5369 1022 5432 lethalis

1095 753 1280 834 tenuitque
1295 753 1422 815 diebus
1435 761 1575 833 septem
1587 771 1630 814 ac
1645 754 1783 814 demum
1797 773 1820 816 1.
1829 755 1889 818 hora

1095 874 1279 955 matutina,
1297 875 1354 936 die
1373 878 1423 937 26.
1440 874 1526 955 Apr.
1545 877 1626 952 1759
1644 875 1689 935 ab
1706 874 1794 936 omni
1813 893 1889 956 opere

1095 1015 1160 1057 suo
1176 996 1402 1076 requiescere
1419 994 1515 1056 fecit.
1540 992 1708 1074 Scripsit:

1182 1122 1205 1176 1.
1218 1119 1332 1176 Libera
1344 1140 1448 1196 prose
1461 1123 1543 1176 iuxta
1555 1120 1761 1177 arithmeticos
1772 1140 1888 1190 numeros,

1095 1225 1177 1299 quod
1194 1224 1242 1280 die
1259 1224 1459 1300 depositionis
1476 1226 1541 1280 eius
1558 1223 1714 1280 edebatur.
1732 1225 1783 1281 Ms.

1183 1347 1220 1402 ll.
1242 1345 1408 1402 Geheimes
1428 1345 1669 1402 Handbfichlein.
1696 1341 1726 1424 (i.
1743 1364 1767 1402 e.
1788 1347 1889 1402 Manuale

1096 1447 1297 1529 arcanorum.)
1315 1451 1384 1507 Oct.
1406 1463 1497 1523 1750.
1514 1451 1570 1506 Ms.
1588 1466 1608 1522 4
1625 1462 1738 1525 partes.

1183 1573 1236 1628 ΙΙΙ.
1264 1572 1535 1648 Philosophischer
1562 1570 1688 1638 Schatz,
1720 1571 1836 1628 welcher
1855 1591 1890 1626 zur

1098 1682 1263 1751 grosseren
1279 1676 1361 1731 Ehre
1378 1675 1500 1744 Gottes,
1523 1676 1640 1731 Nutzen
1663 1675 1774 1730 meiues
1795 1674 1890 1748 heiligen

1098 1779 1218 1836 Ordens
1234 1780 1293 1836 und
1306 1778 1424 1846 StifteS,
1441 1782 1499 1835 wie
1513 1778 1592 1835 auch
1605 1778 1659 1834 der
1673 1778 1890 1852 Bedfirftigenzu·

1097 1897 1380 1959 sammengetragen
1408 1884 1468 1940 und
1496 1902 1551 1939 aus
1579 1882 1767 1939 christlicher
1786 1881 1847 1938 Lieb
1865 1902 1889 1936 zu

1097 1993 1181 2044 einer
1197 1988 1261 2044 Hilf
1275 1990 1303 2043 in
1316 1987 1370 2043 der
1381 1988 1461 2044 Notb
1474 1986 1676 2043 binterlassen
1689 1986 1736 2043 ich
1748 1986 1890 2042 Leonardus

1097 2092 1245 2149 Antonius
1261 2093 1391 2147 Mathias
1403 2091 1553 2167 Iosephus
1566 2089 1776 2158 Thonhauser,
1791 2091 1890 2146 Priester

1098 2197 1152 2253 des
1179 2196 1360 2270 collegiaten
1387 2195 1448 2251 und
1475 2207 1614 2251 exemten
1642 2191 1749 2252 Stiftes
1775 2215 1807 2250 zu
1824 2193 1889 2250 holt.

1099 2300 1173 2357 Ord.
1190 2299 1222 2357 S.
1240 2301 1272 2356 B.
1290 2299 1455 2376 Capitular.
1478 2312 1568 2371 1755.
1588 2297 1630 2356 8⁰.
1647 2299 1705 2355 Ms.

1186 2446 1295 2518 della
1311 2445 1424 2518 Tore
1438 2456 1656 2519 Robertus
1671 2455 1889 2539 (Scotensis),

1098 2584 1203 2636 natus
1224 2583 1279 2636 est
1295 2574 1456 2636 Viennae
1478 2575 1513 2636 in
1535 2574 1684 2637 Austria
1709 2575 1763 2636 die
1785 2597 1811 2652 4.
1827 2572 1889 2634 Nor.

1104 2700 1194 2777 1805,
1211 2704 1314 2776 patre
1330 2696 1568 2777 typographo.
1593 2695 1663 2757 Die
1685 2716 1731 2757 10.
1749 2693 1818 2758 Oct.
1836 2695 1888 2754 1811

1099 2838 1178 2881 cum
1202 2818 1347 2880 indutus
1371 2826 1476 2897 esset,
1503 2817 1596 2879 votis
1620 2817 1836 2879 sollemnibus
1853 2813 1890 2874 dic

1100 2945 1150 3002 28.
1168 2938 1247 3002 Oct.
1269 2943 1348 3001 1828
1366 2939 1505 3001 emissis
1525 2939 1771 3020 absolutisque
1787 2959 1810 3001 5.
1823 2938 1890 2999 theo

1098 3061 1216 3145 logiae
1233 3061 1361 3123 studiis
1377 3060 1413 3122 in
1430 3080 1458 3122 c.
1470 3081 1498 3122 r.
1516 3059 1611 3123 univ.
1620 3059 1785 3140 vindob,
1801 3059 1890 3120 dieti.

1099 3184 1161 3247 Iul.
1183 3187 1264 3245 1830
1285 3183 1435 3264 primam
1450 3182 1530 3243 Deo
1553 3182 1683 3244 obtulit
1704 3181 1840 3244 hostiam
1857 3179 1890 3238 in·

1099 3314 1290 3367 cruentam.
1316 3304 1513 3385 Neomysta
1529 3302 1745 3365 novitiorum
1761 3300 1891 3382 magister

1098 3427 1225 3508 factus,
1244 3446 1322 3488 cum
1335 3445 1400 3506 per
1413 3424 1568 3506 quinque
1582 3443 1696 3486 annos
1709 3425 1773 3486 hoc
1785 3436 1889 3484 munere

1100 3560 1195 3612 esset
1211 3549 1364 3628 functus,
1381 3548 1438 3609 die
1456 3552 1506 3609 20.
1524 3546 1624 3627 Sept.
1643 3550 1722 3609 1835
1737 3547 1846 3608 missus
1855 3550 1888 3602 est

1099 3673 1134 3733 in
1155 3671 1357 3732 restitutum
1373 3678 1457 3730 tunc
1475 3668 1788 3731 Benedictinorum
1806 3680 1887 3727 mona·

1099 3793 1244 3855 sterium
1260 3792 1523 3873 Augustanum,
1547 3791 1608 3852 ubi
1632 3811 1703 3853 non
1730 3791 1827 3852 solum
1843 3802 1887 3846 na·

1099 3917 1248 3997 gistrum
1266 3913 1480 3975 novitiorum
1503 3913 1566 3973 sed
1588 3912 1695 3973 etiam
1712 3908 1886 3992 praefectum

1100 4037 1282 4099 convictus
1305 4034 1473 4097 nobilium
1499 4034 1668 4095 iuvenum
1693 4051 1818 4095 necnon
1835 4042 1886 4108 prr

1100 4158 1273 4220 fessorem
1294 4156 1470 4238 gymnasii
1495 4155 1695 4217 claustralis
1720 4154 1887 4237 agiturque

1101 4281 1146 4340 ad
1163 4299 1293 4339 annum
1314 4282 1406 4358 1847,
1424 4296 1495 4357 quo
1512 4296 1604 4337 anno
1626 4276 1659 4338 ei
1676 4275 1739 4338 filii
1757 4268 1888 4337 Bavariae

1101 4399 1272 4482 principis
1300 4401 1344 4460 de
1368 4398 1618 4461 Thurn-Taxis
1646 4396 1813 4460 educandi
1837 4396 1890 4453 sunt

1101 4521 1232 4582 traditi.
1258 4520 1361 4600 Quod
1374 4539 1509 4599 1111111115,
1524 4540 1604 4582 cum
1617 4538 1732 4600 usque
1744 4520 1786 4580 ad
1797 4527 1891 4578 annun

1106 4646 1185 4704 1808
1196 4642 1341 4724 egregie
1352 4641 1588 4722 sustinuisset,
1598 4641 1806 4704 infirmitatis
1817 4649 1893 4699 causa

1102 4764 1137 4826 in
1161 4763 1238 4825 dies
1261 4763 1455 4825 crescentis
1480 4762 1515 4824 in
1541 4763 1793 4825 monasterium
1814 4757 1896 4821 redux

1103 4885 1233 4947 ibidem
1250 4893 1363 4946 morte
1380 4884 1546 4947 occubuit
1563 4884 1621 4946 die
1643 4890 1691 4948 13.
1708 4885 1770 4947 Iul.
1790 4885 1864 4958 1869.

1188 5024 1219 5086 T
1221 5023 1302 5106 ypis
1319 5024 1444 5085 edidit:

1190 5168 1211 5222 1.
1235 5167 1428 5241 Wiirdigung
1452 5167 1505 5223 des
1527 5169 1626 5223 Herrn
1648 5169 1701 5225 Dr.
1720 5168 1845 5225 Vollmer
1861 5162 1904 5218 hn-

1103 5270 1181 5327 sicht
1207 5270 1326 5342 ,Ueber
1349 5271 1406 5327 den
1431 5273 1589 5348 Ursprung
1613 5272 1669 5328 der
1693 5273 1848 5347 religiosen
1864 5267 1905 5323 Er·

1104 5375 1259 5432 kenntniss
1275 5378 1313 5431 im
1330 5376 1528 5444 Menschen“;
1547 5377 1728 5451 dargestellt
1743 5380 1772 5434 in
1787 5376 1838 5434 der
1852 5373 1907 5430 Ein-
