4252 6112
275 670 356 725 XXI.
379 668 605 724 Hausteiniana.
632 665 852 727 Gesammeltes
874 667 949 725 iiber
970 667 1018 723 die
1055 662 1059 675 '

190 773 366 832 Grafschalt
386 773 581 839 Hauenstein,
607 769 829 829 Schriststticke
852 790 911 828 von
937 784 1016 845 1727
1056 811 1060 875 Ι

189 876 339 958 —1764.)
357 876 395 949 83
414 875 614 951 Foliobogen.
1057 880 1059 915 Ι

274 984 370 1040 ΧΧΙΙ.
394 983 451 1039 Die
468 982 629 1039 Freiherrn
645 1000 705 1039 von
722 983 925 1056 Krenkingen.
943 978 973 1059 (1.
991 999 1017 1037 e.

189 1092 236 1148 De
252 1089 362 1146 familia
378 1087 521 1144 baronum
538 1087 575 1142 de
593 1128 599 1143 .
618 1128 624 1142 .
643 1083 662 1164 .)
679 1084 697 1143 6
715 1085 913 1160 Foliobogen.

276 1211 387 1268 XXIII.
404 1210 624 1267 Gesammeltes
640 1208 715 1266 iiber
727 1206 1018 1284 altdeutscheSpra·

191 1319 256 1376 che.
273 1316 302 1395 (i.
317 1335 343 1373 e.
360 1315 506 1372 Analecta
522 1313 622 1389 quoad
639 1314 768 1388 linguam
786 1327 921 1370 veterum
940 1312 1018 1369 Ger·

192 1418 367 1495 manorum.)
388 1435 422 1477 12
440 1420 464 1475 F
467 1418 640 1494 oliobogen.

275 1543 385 1600 XXIV.
400 1543 513 1600 Umriss
523 1540 769 1598 derGeschichte
778 1540 832 1596 des
842 1540 1017 1614 Kletgaues.

191 1648 220 1728 (i.
233 1668 259 1707 e.
278 1647 388 1706 Circuli
406 1646 507 1720 Kletg.
524 1646 689 1720 descriptio
706 1640 871 1721 historica.)

276 1770 512 1843 ManuscrIptum
537 1768 595 1824 hoc
620 1769 699 1843 typis
724 1768 850 1842 imprimi
874 1764 944 1823 lecit
965 1766 1017 1822 Dr.

190 1874 339 1951 Iosephus
357 1873 454 1929 liader
475 1875 504 1928 in
525 1890 620 1948 opere
640 1891 657 1927 a
678 1890 711 1927 se
735 1870 816 1927 edito
838 1869 895 1927 sub
917 1870 1017 1927 titulo:

193 1980 310 2053 ,Briefe
327 1977 401 2034 iiber
418 1978 472 2033 das
488 1977 634 2033 Badische
650 1973 834 2033 Oberland.“
859 1973 948 2047 1833.

277 2113 481 2195 Sequuntur
493 2112 743 2193 manuscripta,
754 2112 798 2173 de
808 2111 936 2193 quibus
948 2131 1019 2174 non

191 2246 340 2315 constat,
357 2256 438 2297 num
456 2245 491 2297 et
508 2235 567 2296 ubi
584 2243 740 2296 exstent:

277 2379 372 2435 XXV.
397 2377 583 2434 Geschichte
606 2377 658 2434 des
680 2377 793 2435 Thales
815 2376 859 2435 St.
877 2378 1017 2435 Wilhelm

191 2485 240 2543 bei
257 2481 419 2541 Oberried.
437 2479 466 2558 (1.
484 2499 510 2537 e.
527 2481 620 2538 Vallis
636 2500 660 2537 s.
675 2481 813 2539 Gulielmi
827 2482 924 2539 deser.
938 2479 1018 2560 hist.)

190 2591 312 2662 Beitrag
333 2606 384 2642 zur
405 2588 552 2661 einstigen
569 2585 841 2660 Plarrgeschichte.
866 2584 1017 2662 Scriptum

191 2712 269 2751 auno
291 2690 380 2749 1808.

276 2796 385 2852 XXVI.
408 2794 591 2852 Geschichte
607 2794 661 2850 der
677 2794 790 2850 Psarrei
807 2794 1017 2869 thgersweil.

190 2900 220 2981 (1.
238 2921 263 2959 e.
285 2901 450 2957 Parochiae
466 2900 501 2956 N.
523 2919 571 2956 res
592 2896 740 2977 eventus.)
764 2899 915 2975 Scriptum
939 2918 1018 2957 anno

195 3006 284 3065 1812.

276 3111 399 3167 XXVII.
418 3108 481 3165 Aus
502 3108 568 3164 dem
587 3108 693 3165 Leben
713 3109 767 3166 des
784 3110 931 3166 Priesters
949 3109 1019 3165 Ori-

190 3218 284 3292 gines.
302 3213 331 3294 (1.
348 3234 374 3271 e.
394 3213 550 3284 Quaedam
568 3232 584 3268 e
600 3215 679 3269 vitae
696 3214 847 3270 curriculo
861 3211 1019 3291 Originis.)

190 3319 341 3396 Scriptum
358 3337 437 3374 anno
459 3317 548 3391 1815.

276 3469 425 3563 Mayer
448 3478 692 3540 Theodorus
718 3477 1017 3558 (Mullicensis),

190 3596 413 3675 Austriacus,
427 3595 588 3658 Viennae
605 3596 661 3659 die
677 3617 703 3658 2.
718 3596 820 3660 Febr.
838 3597 919 3659 anni
938 3601 1017 3675 1788

190 3729 304 3798 uatuS,
327 3718 454 3781 studiis
469 3717 733 3779 humanioribus
751 3728 785 3781 et
803 3719 1018 3800 philosophi-

191 3843 241 3905 cis
255 3841 385 3904 ibidem
398 3841 564 3919 imbutuS,
579 3840 635 3901 die
648 3840 760 3921 prima
770 3842 924 3904 Ianuarii
938 3847 1017 3903 1800

191 3962 323 4025 ordinis
340 3981 366 4023 s.
379 3961 564 4023 Benedicti
578 3972 680 4025 veste
698 3961 852 4041 indutus,
871 3967 899 4025 5.
914 3962 1017 4026 Febr.

196 4089 275 4161 1801)
292 4103 356 4165 per
372 4094 455 4145 vota
472 4083 655 4146 sollemnia
671 4085 806 4166 gremio
823 4084 1018 4147 Mellicensi

192 4206 401 4287 adscriptus
419 4205 476 4266 die
494 4226 543 4267 22.
561 4205 635 4267 Iun.
654 4212 734 4267 1810
750 4217 937 4290 neomysta
949 4208 1018 4288 pri·

191 4348 283 4391 mam
296 4329 375 4390 Deo
391 4326 542 4389 hostiam
559 4327 777 4389 incruentam
794 4327 920 4390 litavit.
938 4326 1019 4392 Stu-

193 4450 327 4513 diorum
341 4448 620 4531 theologicorum
637 4448 729 4511 intra
742 4449 944 4511 monasterii
957 4471 1018 4531 pa·

190 4573 297 4635 rietes
315 4569 488 4633 curriculo
505 4571 659 4632 noudum
676 4590 853 4652 egressus,
870 4572 1018 4633 necdum

192 4715 218 4757 s.
250 4693 432 4756 ordinibus
465 4692 622 4755 initiatus
653 4693 688 4754 in
719 4713 747 4756 c.
779 4713 804 4755 r.
832 4695 1019 4777 gymnasio

190 4815 388 4880 Mellicensi
415 4816 680 4898 grammaticam
710 4815 871 4878 Latinam
900 4817 1020 4880 docuit

191 4949 226 5003 et
242 4941 348 5022 paulo
365 4949 447 5019 post
466 4939 701 5002 bibliothecae
718 4939 1018 5002 administrandae

190 5083 280 5144 opus
301 5062 336 5124 in
358 5081 396 5123 se
417 5061 589 5143 suscepit:
615 5062 788 5143 simulque
813 5062 960 5125 clericos
984 5063 1017 5125 in

189 5183 336 5246 historia
349 5183 593 5246 ecclesiastiea
606 5182 752 5264 iureque
762 5183 933 5246 canonico
942 5203 1019 5246 eru-

192 5304 288 5367 divit.
314 5305 438 5367 Mense
464 5305 675 5366 Novembris
704 5308 782 5367 1813
808 5306 854 5367 ad
878 5307 1020 5368 traden-
1058 5360 1062 5409 ε

192 5425 271 5486 dam
285 5424 499 5509 theologiam
513 5426 679 5489 moralem
688 5424 905 5489 Gottvicium
915 5447 1020 5489 voca·
1059 5418 1063 5491 1

1098 672 1154 726 tus
1171 676 1235 743 est,
1253 676 1288 727 et
1307 684 1327 727 a
1345 685 1466 729 mense
1479 667 1671 731 Novembri
1693 672 1778 731 1816
1798 669 1941 731 clericis

1097 785 1363 850 Mellicensibus
1372 788 1408 852 in
1417 790 1605 854 seminario
1614 792 1821 873 episcopali
1830 791 1942 855 scien-

1098 908 1155 970 tiis
1176 909 1387 993 theologicis
1407 911 1607 975 imbuendis
1632 933 1698 994 per
1722 932 1862 976 annum
1888 913 1938 976 di·

1098 1039 1215 1092 rector
1231 1030 1396 1111 praesuit;
1422 1052 1492 1115 quo
1513 1036 1636 1116 elapso
1653 1037 1803 1099 domum
1820 1038 1936 1099 redux

1098 1154 1275 1234 gymnasii
1299 1152 1515 1218 Mellicensis
1543 1156 1738 1238 discipulos
1764 1159 1936 1241 syntaxis

1097 1273 1246 1337 Latinae
1268 1278 1411 1359 regulas
1435 1289 1471 1340 et
1494 1278 1637 1361 linguae
1653 1276 1824 1344 Graecae
1840 1281 1936 1343 rudi·

1098 1407 1226 1477 menta,
1244 1406 1370 1479 postea
1386 1398 1472 1461 artis
1488 1400 1651 1480 poeticae
1672 1413 1708 1464 et
1731 1403 1935 1466 rhetoricae

1099 1530 1292 1601 praecepta
1324 1522 1470 1602 docere,
1507 1542 1599 1585 anno
1635 1527 1713 1586 1825
1746 1525 1932 1607 gymnasii

1098 1640 1359 1722 praefecturam
1382 1644 1563 1725 suscipere
1585 1655 1621 1708 et
1637 1665 1729 1708 anno
1751 1650 1838 1710 1830
1854 1648 1935 1711 huie

1099 1762 1217 1827 officio
1242 1765 1368 1827 iterum
1392 1767 1629 1830 bibliothecae
1657 1788 1782 1831 curam
1810 1769 1935 1832 adiun-

1098 1905 1184 1968 gere
1201 1886 1318 1948 iussus
1335 1898 1399 1951 est.
1424 1889 1479 1950 De
1500 1888 1684 1952 iuventute
1706 1890 1935 1954 informanda

1098 2007 1231 2088 optime
1247 2009 1373 2072 merito
1393 2011 1506 2072 honor
1525 2010 1690 2091 publicus
1711 2032 1785 2074 non
1811 2013 1935 2093 defuit,

1099 2139 1224 2211 utpote
1251 2131 1311 2212 qui
1339 2152 1432 2194 anno
1461 2136 1537 2210 1842
1564 2133 1784 2196 Ferdinandi
1808 2133 1835 2197 I.
1866 2136 1935 2197 cle-

1099 2252 1231 2315 mentia
1247 2252 1457 2316 numismate
1470 2274 1600 2336 magno
1616 2274 1724 2317 aureo
1740 2257 1936 2319 decoratus

1099 2385 1163 2438 est.
1193 2373 1388 2458 Gymnasio
1412 2375 1609 2439 Mellicensi
1632 2377 1668 2439 in
1691 2391 1776 2440 octo
1800 2381 1936 2442 classes

1099 2498 1282 2579 ampliat0,
1310 2498 1467 2560 eiusdem
1492 2499 1646 2561 director
1668 2499 1829 2583 itemque
1851 2502 1936 2584 styli

1098 2620 1216 2682 Latini
1233 2630 1268 2683 et
1280 2621 1479 2703 linguarum
1493 2619 1654 2684 Graecae
1667 2633 1704 2684 et
1715 2623 1935 2685 vernaculae

1098 2741 1279 2825 professor
1294 2742 1421 2825 factus,
1442 2743 1497 2805 his
1513 2754 1549 2805 et
1564 2743 1806 2806 bibliothecae
1823 2765 1935 2828 nego·

1098 2864 1167 2946 tiis,
1184 2866 1351 2946 quamdiu
1367 2866 1462 2928 vires
1478 2864 1692 2937 sufficerent,
1714 2885 1859 2929 omnem
1885 2867 1934 2930 di-

1099 2987 1194 3049 cavit
1210 3006 1365 3068 operam,
1389 2988 1502 3048 donec
1523 2988 1645 3049 morbo
1662 2999 1853 3070 correptus
1872 2992 1934 3052 do-

1099 3109 1201 3170 cendi
1226 3108 1391 3189 primum,
1419 3108 1588 3190 deinceps
1615 3129 1708 3171 auno
1732 3109 1862 3192 elapso
1884 3112 1934 3173 bi·

1097 3231 1298 3293 bliothecae
1311 3230 1566 3292 custodiendae
1578 3230 1713 3293 muneri
1726 3232 1935 3295 valedicere

1098 3365 1295 3435 cogeretur.
1320 3351 1416 3414 Malo
1432 3352 1629 3434 insanabili,
1651 3353 1751 3415 cuius
1768 3355 1935 3418 cruciati·

1098 3477 1164 3537 bus
1185 3475 1326 3537 insolita
1347 3475 1578 3556 mirandaque
1600 3476 1704 3537 animi
1726 3480 1934 3541 constantia

1098 3597 1266 3660 resistere
1276 3606 1519 3676 consueverat,
1533 3596 1654 3660 indies
1667 3598 1784 3680 magis
1799 3602 1936 3683 magis·

1099 3741 1167 3803 que
1185 3722 1425 3783 invalescente
1447 3720 1492 3780 ad
1514 3719 1635 3781 mortis
1656 3739 1813 3800 agonem
1830 3743 1937 3805 prae·

1098 3853 1245 3925 paratus
1263 3842 1319 3904 die
1338 3863 1365 3903 2.
1384 3841 1445 3902 Iul.
1468 3844 1543 3902 18111
1570 3840 1643 3922 pati
1666 3851 1701 3902 et
1719 3841 1815 3904 inter
1831 3845 1939 3907 vivos

1099 3985 1177 4028 esse
1195 3964 1309 4026 desiit.
1334 3963 1441 4025 Anno
1461 3967 1541 4040 1846
1559 3983 1579 4024 a
1596 3960 1802 4026 Cariuthiae
1821 3967 1939 4029 socie-

1099 4097 1172 4149 tate
1202 4086 1369 4148 historica
1397 4084 1529 4146 sodalis
1556 4084 1763 4146 honorarius
1796 4088 1941 4151 electus

1099 4209 1322 4290 institutique
1350 4206 1527 4290 geologici
1555 4206 1736 4268 Austriaci
1764 4227 1788 4268 a
1820 4228 1943 4273 corre·

1099 4329 1358 4412 spondentibus
1370 4330 1631 4405 adnumeratus,
1644 4328 1843 4392 maximam
1853 4351 1944 4414 ope-

1098 4472 1172 4514 ram
1183 4450 1581 4529 historiaeAustriacae,
1591 4449 1695 4510 medIi
1704 4449 1944 4529 potissimum

1099 4574 1189 4653 aevi,
1206 4572 1362 4635 navavit.
1387 4570 1553 4651 Scripsit:

1184 4700 1207 4756 I.
1226 4698 1326 4757 Ueber
1342 4699 1398 4755 den
1415 4696 1771 4754 Benedictiner·Orden.
1792 4698 1825 4778 (1.
1846 4722 1874 4757 e.
1897 4704 1947 4760 De

1099 4804 1204 4862 ordine
1221 4800 1504 4880 Benedictinorum.)
1520 4802 1620 4867 Wiem
1642 4799 1731 4873 1848.
1756 4800 1802 4859 8⁰.
1831 4806 1947 4865 Fried-

1099 4910 1162 4966 rich
1180 4908 1270 4965 Beck.
1360 4954 1363 4961 .

1186 5014 1222 5068 II.
1236 5011 1399 5084 Anleitung
1411 5030 1474 5066 zum
1490 5010 1565 5085 Styl.
1583 5006 1612 5088 (i.
1623 5030 1648 5068 e.
1658 5011 1834 5088 Praecepta
1847 5016 1949 5098 styli.)

1099 5117 1199 5205 wien,
1222 5115 1311 5189 1830.
1330 5117 1372 5172 8⁰.
1390 5115 1481 5171 beck.

1187 5223 1239 5278 III.
1257 5221 1357 5278 Ueber
1370 5218 1558 5295 Aulhellung
1573 5219 1649 5276 alter
1661 5220 1765 5275 Zeiten
1781 5240 1843 5280 aus
1860 5226 1948 5283 alten

1100 5327 1224 5382 Namen.
1249 5322 1277 5403 (i.
1300 5345 1326 5382 e.
1349 5325 1395 5381 De
1416 5324 1617 5400 explicatione
1639 5324 1839 5398 antiquorum
1866 5343 1948 5388 tem·

1101 5448 1208 5507 porum
1226 5448 1262 5486 ex
1279 5432 1410 5505 antiquis
1424 5426 1615 5508 nominibus.)
1632 5430 1664 5485 In
1677 5426 1772 5486 Adoll
1781 5428 1949 5493 Schmidls
