4252 6112
910 501 951 510 -
997 463 1119 525 XLIV
1164 500 1205 508 —

188 694 355 776 opinione
379 695 518 772 ductus,
541 690 642 753 brevi
665 700 835 770 tempore,
859 688 1031 769 plurimas
1053 688 1154 770 leges
1178 687 1268 768 tulit,
1285 687 1414 769 quibus
1430 689 1722 752 monasteriorum
1739 689 1809 771 ipsi
1825 688 1925 752 nervi

187 833 497 917 praecidebantur.
542 829 583 891 In
606 828 660 891 his
688 827 923 890 nominandae
950 836 1049 888 sunt:
1083 835 1122 888 ut
1151 826 1371 908 singulorum
1400 827 1692 890 monasteriorum
1717 826 1926 891 academiae

187 969 411 1052 theologicae
435 969 655 1048 claudantur,
678 987 722 1028 ne
746 965 870 1028 novitii
895 964 1130 1047 excipiantur,
1154 985 1198 1026 ne
1221 966 1339 1028 bullae
1355 966 1414 1027 vel
1430 966 1701 1029 constitutiones
1725 966 1821 1030 sedis
1838 987 1926 1049 apo·

188 1111 336 1174 stolicae
367 1108 434 1170 nisi
464 1106 677 1170 auctoritate
708 1105 808 1187 regia
840 1105 1125 1186 promulgentur,
1156 1114 1195 1166 ut
1227 1103 1557 1167 confoederationes
1589 1103 1849 1186 dissolvantur,
1883 1125 1927 1168 ne

188 1247 367 1331 peregrini
391 1245 628 1327 excipiantur,
653 1252 692 1305 ut
714 1243 916 1325 superiores
940 1242 973 1303 in
998 1243 1199 1304 exercenda
1223 1241 1411 1323 disciplina
1434 1253 1682 1324 coerceantur,
1707 1254 1747 1305 ut
1772 1246 1927 1307 abbates

189 1383 477 1451 commendatarii
501 1383 771 1461 constituantur,
795 1391 833 1442 ut
856 1380 1079 1443 monasteriis
1102 1379 1294 1462 parochiae
1318 1381 1514 1460 demantur,
1539 1390 1578 1443 ut
1593 1380 1684 1443 ratio
1699 1380 1925 1444 fortunarum

190 1523 511 1588 ecclesiasticarum
535 1522 706 1582 reddatur
728 1520 825 1600 apud
849 1528 1067 1600 potestatem
1091 1518 1242 1598 civilem,
1265 1537 1309 1580 ne
1326 1537 1436 1599 opera
1453 1517 1656 1600 theologica
1671 1519 1729 1581 vel
1749 1520 1931 1583 breviaria

190 1675 226 1726 et
249 1662 406 1725 missalia
429 1660 496 1723 nisi
513 1657 694 1721 infinibus
717 1656 856 1738 imperii
879 1656 1053 1738 impressa
1069 1656 1305 1718 adhibeantur
1321 1666 1405 1720 cett.
1422 1657 1455 1735 ¹).
1499 1656 1627 1720 Rebus
1650 1658 1700 1721 ita
1724 1660 1931 1722 constitutis

190 1801 404 1867 monasteria
428 1797 563 1861 aboleri
587 1805 717 1878 coepta
739 1806 831 1859 sunt.

319 1942 360 2004 In
386 1937 533 2001 Austria
556 1935 721 1999 inferiore
744 1936 832 1997 haec
857 1934 978 2014 iniqua
1002 1953 1078 1995 sors
1102 1934 1248 1996 obvenit
1270 1933 1376 1997 Cellis
1392 1934 1573 2016 Marianis,
1598 1955 1746 2016 quorum
1764 1935 1932 1997 monachi

195 2086 272 2161 1782
299 2076 566 2140 Mellicensibus
596 2073 752 2137 adiuncti
783 2082 874 2135 sunt.
919 2071 997 2133 Has
1025 2076 1104 2150 1783
1136 2073 1387 2135 monasterium
1416 2074 1460 2135 de
1482 2073 1606 2135 Monte
1630 2072 1775 2136 Serrato
1791 2072 1931 2136 Vindo-

191 2223 349 2282 bonense
381 2224 542 2278 secutum
573 2222 642 2294 est,
674 2232 766 2275 anno
797 2211 992 2275 centesimo
1025 2211 1322 2294 quinquagesimo
1353 2220 1445 2292 post,
1478 2231 1585 2293 quam
1614 2210 1808 2274 excitatum
1841 2222 1932 2275 erat.

192 2357 317 2437 Neque
352 2353 566 2434 reliquorum
601 2350 894 2414 monasteriorum
932 2349 1094 2412 condicio
1125 2351 1314 2412 admodum
1345 2351 1441 2412 laeta
1471 2359 1557 2413 erat.
1604 2349 1830 2414 Mellicenses
1862 2351 1933 2413 Ur-

193 2498 287 2556 bano
310 2494 336 2554 I.
365 2493 497 2553 abbate
522 2493 630 2571 (1785)
661 2500 799 2552 mortuo
831 2508 960 2550 novum
992 2488 1160 2549 abbatem
1191 2487 1324 2570 eligere
1356 2487 1526 2570 prohibiti
1557 2500 1655 2570 sunt,
1687 2500 1724 2552 et
1754 2491 1933 2571 Iosephus

194 2632 349 2713 Fengler
372 2649 418 2691 ex
442 2628 593 2709 collegio
617 2626 847 2689 Piaristarum
871 2637 1053 2706 tamquam
1075 2627 1188 2688 abbas
1212 2627 1532 2690 commendatarius
1564 2630 1610 2690 ab
1641 2629 1855 2710 imperatore
1886 2628 1933 2692 iis

197 2769 424 2852 praepositus
448 2776 505 2829 est
519 2767 553 2848 2).
599 2767 640 2828 In
656 2765 804 2827 Austria
828 2764 1012 2845 superiore
1035 2765 1162 2827 iisdem
1177 2764 1261 2827 fatis
1277 2767 1488 2847 obpressum
1505 2777 1560 2829 est
1580 2771 1661 2846 1784
1677 2767 1933 2830 monasterium

197 2908 446 2985 Gluniacense,
470 2913 659 2986 postquam
684 2923 749 2984 per
772 2910 963 2964 sexcentos
986 2922 1097 2964 annos
1121 2922 1264 2965 munere
1288 2922 1352 2964 suo
1382 2902 1441 2984 pie
1465 2903 1625 2967 functum
1648 2913 1717 2985 est,
1748 2914 1785 2968 et
1815 2906 1934 2968 tribus

197 3047 297 3110 annis
322 3055 405 3128 post
429 3044 538 3124 (1787)
563 3042 837 3122 Lunaelacense,
862 3040 1107 3121 antiquissima
1134 3041 1238 3102 huius
1271 3049 1387 3103 terrae
1418 3042 1574 3105 abbatia.
1626 3061 1705 3121 1749
1739 3043 1933 3106 iubilaeum

198 3184 395 3247 milliarium
421 3183 674 3258 celebraverat,
698 3179 928 3262 septuaginta
952 3189 1120 3260 quattuor
1143 3181 1294 3242 abbates
1317 3191 1354 3242 et
1378 3180 1518 3260 plurimi
1542 3181 1705 3244 monachi
1721 3183 1845 3244 honori
1862 3181 1933 3244 Dei

198 3335 234 3386 et
258 3323 364 3385 saluti
387 3321 566 3383 hominum
590 3319 728 3401 integre
752 3320 979 3388 studuerant:
1003 3329 1087 3380 tunc
1111 3319 1209 3380 abire
1233 3318 1319 3380 iussi
1344 3328 1427 3380 sunt
1440 3321 1476 3398 ³).

327 3461 394 3522 His
411 3458 579 3522 Calendis
595 3457 700 3520 Maiis
721 3463 799 3538 1787
818 3455 1013 3520 Garstense
1036 3457 1197 3520 accessit.
1231 3457 1346 3520 Etiam
1363 3458 1399 3518 hi
1415 3458 1578 3521 monachi
1593 3459 1630 3521 in
1645 3460 1758 3522 valles
1775 3460 1933 3522 Aunesis

199 3611 235 3663 et
259 3600 388 3664 Stiriae
412 3597 621 3679 religionem
645 3596 881 3660 Christianam
905 3604 941 3658 et
963 3594 1220 3658 humanitatem
1243 3597 1498 3658 transtulerant
1521 3604 1558 3658 et
1580 3615 1709 3678 panem
1733 3597 1837 3660 otiosi
1862 3617 1934 3660 non

199 3740 434 3802 comedebant
448 3735 484 3817 4).
523 3734 806 3798 Cremifanenses
838 3734 966 3797 deinde
995 3737 1102 3796 rebus
1130 3735 1292 3797 omnibus
1319 3735 1485 3815 pretiosis
1512 3735 1644 3816 privati
1673 3746 1771 3809 sunt;
1799 3735 1935 3799 13111811-

198 3880 321 3940 bertus
337 3877 410 3957 ΙΙΙ,
435 3878 548 3937 abbas
572 3875 750 3957 egregius,
780 3879 859 3953 1789
877 3874 984 3936 animi
1008 3873 1174 3936 imbecilli
1191 3875 1392 3936 declaratus
1409 3873 1555 3954 eiusque
1572 3874 1651 3937 loco
1668 3873 1936 3937 Maximilianus

202 4015 344 4079 Stadler
367 4013 584 4076 Mellicensis
608 4012 822 4075 monasterio
847 4012 1075 4094 praepositus
1098 4021 1153 4075 est
1167 4013 1215 4092 ⁵).·
1248 4012 1542 4076 Lambacensium
1572 4012 1723 4094 denique
1748 4012 1939 4076 dissolutio

203 4153 272 4213 iam
301 4155 380 4229 1784
406 4152 550 4213 decreta
575 4162 668 4220 erat:
693 4159 811 4212 tamen
835 4161 874 4211 ut
896 4151 985 4211 haec
1008 4150 1068 4212 lex
1092 4153 1335 4233 abrogaretur,
1360 4149 1511 4232 contigit
1526 4149 1561 4230 ⁶).

332 4289 373 4351 In
405 4287 512 4351 Stiria
545 4287 796 4350 monasterium
827 4287 1092 4350 Lambertinum
1131 4294 1210 4367 1786
1248 4290 1419 4351 abolitum
1450 4297 1516 4352 est.
1560 4288 1640 4350 Hoc
1677 4289 1743 4349 sub
1775 4287 1939 4351 Chiliano

200 4427 383 4490 Wehrlein
409 4426 647 4506 (1725-1737)
677 4435 713 4487 et
737 4425 898 4507 Eugenio
922 4426 1050 4488 comite
1074 4427 1118 4488 de
1142 4426 1288 4507 Inzaghi
1313 4427 1551 4506 (1737-1760)
1576 4425 1768 4488 abbatibus
1790 4445 1940 4489 munere

202 4609 510 4620 ———-——-—-———-

335 4739 355 4820 ¹)
380 4740 620 4814 Verordnungen
644 4742 672 4795 in
696 4740 824 4816 publicis
848 4741 1063 4797 ecclesiasticis
1087 4741 1124 4796 ad
1148 4759 1255 4796 annum
1283 4743 1374 4813 1781,
1403 4739 1492 4814 1782.

332 4851 353 4932 ²)
379 4852 566 4927 Keiblinger,
591 4852 775 4909 Geschichte
799 4871 857 4909 von
881 4853 972 4918 Melk,
996 4855 1018 4909 1.

332 4964 355 5043 3)
380 4967 493 5030 FriesS,
518 4964 644 5021 Studien
669 4965 685 5020 1.
709 4985 734 5021 c.
759 4966 819 5022 vol.
846 4966 881 5022 V.

332 5077 354 5154 ⁴)
380 5079 491 5143 Friess,
517 5078 658 5133 Garsten.

332 5187 355 5266 ⁵)
380 5189 478 5262 Hagn‚
504 5189 630 5246 Wirken
654 5189 708 5245 der
731 5187 1021 5245 Benedictinerabtei
1048 5191 1307 5257 Kremsmdnster;
1332 5191 1477 5254 Brunner,
1494 5191 1660 5264 Mysterien
1676 5189 1729 5244 dcr
1745 5187 1943 5263 Ausklzirung

204 5304 232 5356 in
257 5300 463 5357 Oesterreich.

333 5408 355 5488 ⁶)
380 5410 566 5479 Schmieder‚
592 5414 763 5469 Chronicon
788 5413 1006 5470 Lambacense.
