4252 6112
924 446 1203 536 -158..

280 657 302 712 l.
320 655 401 731 Nyilt
416 655 469 712 szd
485 672 503 710 a
515 651 628 710 milvelt
639 653 851 727 kdzonstighez
864 671 897 708 az
911 654 1023 710 dulas·

193 762 266 817 sicai
289 759 462 835 nyelvr'eszet
481 735 664 814 drdekeben.
687 754 716 835 (i.
738 775 764 813 e.
790 757 945 827 Quaedam
966 775 1023 833 pro

193 864 359 941 philologia
380 863 508 920 classica
528 862 565 919 ad
586 862 721 919 homines
741 861 924 918 humanitate
947 861 1024 937 poli·

194 965 265 1047 tos.)
282 969 316 1024 ln
331 987 435 1043 progr.
451 987 553 1042 gymn.
570 962 883 1042 Ginsiensis1872f3.
901 964 943 1023 8⁰.
961 981 977 1022 2
993 985 1023 1042 p.

282 1074 320 1128 II.
348 1068 438 1129 Felsd
466 1073 640 1146 vasmegyei
665 1070 773 1127 varak:
804 1086 829 1127 1.
853 1069 1023 1138 Lekavdra,

195 1193 223 1234 2.
241 1176 402 1241 Szalonak‚
420 1191 449 1248 3.
466 1171 679 1251 Borostyankd
695 1174 777 1232 vara.
799 1170 829 1252 (i.
848 1193 874 1232 e.
892 1174 1024 1232 Castella

195 1284 296 1339 comit.
315 1281 504 1339 Castriierrei
525 1276 713 1358 superioris.)
735 1279 809 1336 lbid.
831 1277 958 1353 187314.
980 1278 1023 1336 8⁰.

194 1403 300 1464 99³8·

280 1495 555 1568 Haberhauer
589 1507 782 1570 Maurus
812 1505 1023 1589 (Raigra-

194 1622 376 1705 diensis).
407 1624 463 1687 De
486 1624 590 1688 huius
613 1623 679 1688 viri
701 1624 786 1688 fatis
809 1623 1024 1707 paucissima

195 1756 287 1829 sunt,
305 1766 396 1828 quae
413 1748 460 1808 ob
475 1745 625 1809 fontium
641 1746 852 1811 tenuitatem
865 1756 901 1811 et
912 1767 1023 1830 angu-

194 1868 298 1932 stiam
308 1868 412 1932 nobis
421 1869 568 1933 veniunt
577 1871 806 1952 recensenda,
815 1869 1023 1951 licetipsum

184 1991 350 2073 optimae
366 1991 493 2054 indolis
509 1993 684 2055 hominem
704 2011 894 2074 operosum
913 1991 1023 2055 fuisse

194 2116 367 2197 perlonga
380 2133 526 2195 operum
539 2114 818 2196 conscriptorum
835 2114 946 2177 series
963 2115 1024 2177 de·

193 2238 313 2302 claret.
337 2237 451 2300 Natus
467 2235 583 2299 fuerat
595 2236 829 2299 Haberhauer
841 2236 1024 2300 Zvitaviae

194 2359 229 2422 in
244 2358 407 2421 Moravia
428 2364 476 2422 13.
491 2358 595 2421 Mart.
617 2362 698 2438 1746
719 2378 918 2441 nomenque
938 2358 974 2422 in
995 2378 1022 2422 s.

192 2480 291 2544 fonte
299 2480 491 2563 Iosephum
503 2479 653 2561 accepit.
666 2480 722 2543 De
735 2479 862 2544 studiis
873 2500 943 2562 quo
954 2481 1024 2544 loci

193 2611 230 2666 et
246 2603 388 2683 quando
404 2601 578 2665 absolutis
593 2601 641 2664 nil
653 2613 803 2665 constat.
820 2602 926 2664 Anno
943 2606 1021 2682 1763

194 2724 251 2787 die
271 2729 319 2789 13.
336 2724 426 2788 Νον.
447 2743 616 2786 unacum
639 2725 778 2787 duobus
801 2723 879 2786 aliis
903 2723 1023 2787 candi-

194 2847 288 2910 datis
308 2866 409 2910 sacro
431 2846 503 2909 divi
524 2846 711 2911 Benedicti
732 2845 857 2909 habitu
879 2845 1023 2911 indutus

194 2981 250 3034 est
271 2989 336 3051 per
351 2970 394 3033 D.
412 2970 702 3032 Bonaventuram
723 2969 966 3052 praepositum
988 2977 1025 3032 et

130 3165 133 3174 ⁵
192 3091 423 3155 Mainhardus
446 3101 605 3155 vocatus.
637 3090 724 3154 Cum
747 3110 833 3154 vero
860 3090 1024 3173 sequenti
1055 3114 1059 3137 ·

194 3234 286 3278 anno
316 3224 398 3296 post
432 3213 629 3295 praepositi
665 3213 800 3276 obitum
831 3211 1024 3278 Othmarus

194 3337 334 3401 Conrad
350 3337 384 3399 in
401 3336 476 3399 eius
493 3354 735 3399 successorem
748 3336 948 3419 eligeretur,
963 3335 1024 3418 qui

192 3459 312 3523 fratris
337 3457 447 3521 nostri
467 3456 642 3540 praedicti
667 3457 837 3540 magister
860 3468 897 3520 et
921 3457 1023 3539 spiri·

192 3581 298 3646 tualis
320 3581 504 3661 hucusque
532 3589 623 3660 erat,
652 3578 832 3660 profitenti
856 3583 908 3643 25.
931 3579 1021 3643 Nou.

192 3703 402 3767 Mainhardo
423 3720 550 3763 nomen
575 3700 754 3762 insolitum
777 3700 812 3762 in
836 3699 1020 3783 ,Maurus“

193 3823 430 3890 commutavit.
448 3821 584 3886 Studiis
601 3822 855 3904 philosophicis
871 3832 907 3885 et
923 3823 1022 3884 theo·

191 3947 317 4030 logicis
333 3965 429 4009 more
446 3954 529 4008 tunc
547 3944 650 4007 solito
673 3944 708 4006 in
729 3944 943 4007 monasterio
959 3963 1021 4006 no·

192 4079 266 4131 stro
288 4067 460 4129 absolutis
481 4065 681 4129 sacerdotio
706 4064 864 4128 initiatur
883 4069 964 4145 1778
985 4074 1022 4128 et

193 4211 244 4254 21.
255 4189 333 4253 Oct.
345 4189 448 4251 huius
457 4187 630 4270 primitias
643 4187 811 4250 celebrat.
827 4187 926 4249 Tunc
940 4206 1022 4248 con-

193 4313 427 4392 cionatorem,
463 4318 731 4390 praecentorem
767 4319 802 4373 et
836 4318 1021 4392 regentem

193 4435 289 4498 chori
304 4432 463 4516 figuralis
479 4432 563 4515 egit,
585 4432 680 4513 quod
701 4450 827 4494 munus
848 4432 882 4493 in
899 4430 1021 4512 primis

192 4559 239 4620 ob
251 4555 470 4637 praeclaram
483 4573 583 4616 suam
596 4553 747 4616 musices
760 4553 944 4616 scientiam
957 4572 1022 4634 per

190 4680 333 4761 longam
349 4696 519 4739 annorum
535 4675 662 4739 seriem
677 4676 728 4739 ita
743 4676 866 4758 obivit,
888 4686 927 4739 ut
947 4694 1020 4737 om-

190 4802 295 4865 nibus
316 4798 539 4862 admirationi
559 4797 666 4862 fuerit
685 4799 825 4880 sibique
846 4796 1020 4879 praeclari

191 4921 439 5006 compositoris
447 4921 577 4985 famam
586 4921 804 5004 adquisierit.
817 4921 924 4984 Anno
938 4939 1018 4999 1779

195 5067 242 5111 12.
265 5046 354 5110 Nov.
383 5044 548 5126 subprior
573 5047 698 5107 domus
726 5043 940 5109 constitutus
968 5042 1019 5105 in-

191 5168 293 5230 simul
304 5168 418 5248 prima
434 5167 512 5231 vice
531 5166 712 5250 professor
728 5166 835 5230 studii
853 5163 1019 5228 domesti-

192 5289 223 5351 ci
247 5289 451 5353 clericorum
472 5287 682 5371 nominatur,
704 5307 793 5370 quos
810 5287 1017 5368 disciplinas

192 5411 431 5493 praescriptas
462 5431 527 5493 per
553 5411 733 5474 biennium
761 5412 953 5492 edocebat,
981 5420 1018 5473 et

1103 669 1182 712 cum
1204 669 1297 711 anno
1325 653 1404 728 1783
1430 653 1459 712 3.
1485 648 1560 713 Ian.
1581 649 1628 711 ad
1653 667 1779 729 preces
1802 666 1892 711 suas
1919 668 1943 710 a

1103 770 1326 852 subprioratu
1338 769 1466 833 fuisset
1478 771 1673 852 absolutus,
1686 769 1815 833 iterum
1828 769 1941 833 disci-

1103 892 1196 974 pulis
1225 892 1395 955 fratribus
1412 890 1630 973 ,Francisco‚
1658 890 1817 976 Ignatio,
1846 888 1941 954 Gre-

1103 1015 1213 1099 gorio,
1235 1015 1434 1095 Bernardo,
1451 1012 1672 1096 Wolfgango
1696 1023 1732 1076 et
1755 1012 1940 1096 Procopio

1102 1137 1215 1201 lector
1249 1135 1451 1218 theologiae
1486 1135 1603 1198 fuerat
1639 1136 1834 1217 deputatus
1869 1154 1940 1216 pro

1103 1259 1283 1354 theologia
1300 1257 1527 1341 canonistica,
1539 1257 1802 1322 hermeneutica
1819 1266 1857 1321 et
1871 1276 1940 1339 pa·
2031 1262 2035 1287 ¹

1103 1380 1235 1446 storali.
1266 1381 1572 1444 Praelectionibus
1598 1379 1696 1443 hisce
1717 1378 1828 1444 finitis
1852 1399 1939 1444 con-

1103 1503 1293 1567 cionatoris
1314 1514 1349 1567 et
1370 1503 1612 1585 cooperatoris
1635 1503 1670 1565 in
1694 1522 1779 1565 cura
1799 1502 1938 1567 anima-

1102 1647 1179 1689 rum
1196 1645 1341 1689 munera
1357 1625 1451 1687 domi
1471 1627 1517 1688 ad
1537 1623 1643 1689 finem
1666 1625 1802 1688 dierum
1818 1644 1937 1708 usque

1103 1749 1228 1811 sedulo
1251 1747 1392 1830 obibat,
1417 1747 1627 1829 quibuscum
1652 1748 1738 1810 illud
1762 1766 1937 1829 praecen-

1103 1870 1189 1934 toris
1212 1880 1249 1933 et
1268 1870 1427 1952 regentis
1448 1869 1549 1933 'chori
1572 1869 1741 1952 studium,
1767 1889 1839 1951 quo
1862 1890 1936 1933 rna·

1102 1990 1197 2054 xime
1214 1992 1468 2073 delectabatur,
1486 1991 1678 2055 coniunxit.
1702 1990 1787 2054 Plus
1804 1992 1936 2055 decen·

1102 2111 1161 2175 nio
1186 2115 1347 2196 podagra
1370 2112 1580 2196 gravissime
1606 2111 1784 2176 cruciatus
1809 2116 1935 2176 morbo

1102 2233 1183 2297 huic
1209 2235 1353 2299 victima
1380 2235 1509 2300 cecidit
1532 2236 1677 2298 Maurus
1698 2236 1935 2299 Haberhauer

1103 2376 1195 2420 anno
1216 2378 1295 2438 1799
1316 2362 1364 2422 18.
1377 2358 1481 2422 Febr.
1498 2369 1535 2422 et
1546 2378 1611 2440 per
1622 2358 1777 2440 priorem
1790 2369 1815 2422 1.
1829 2369 1853 2423 1.
1864 2358 1934 2421 Bo·

1102 2490 1334 2543 naventuram
1362 2478 1501 2543 Griiber
1527 2481 1563 2543 in
1590 2480 1816 2543 coemeterio·
1834 2483 1880 2543 ad
1906 2501 1932 2544 s.

1102 2623 1243 2666 crucem
1258 2602 1448 2686 Raigradii
1464 2604 1625 2685 sepultus
1641 2602 1717 2667 fuit.

1190 2740 1358 2823 Sequitur
1389 2742 1500 2805 series
1531 2743 1685 2805 omnium
1716 2761 1865 2823 operum
1893 2743 1932 2807 P.

1102 2865 1336 2928 Haberhauer
1351 2865 1467 2928 Mauri
1482 2865 1817 2945 manuscriptorum:

1219 3097 1237 3136 a
1236 3075 1254 3159 )
1272 3073 1359 3138 Cum
1375 3075 1433 3136 die
1449 3073 1485 3136 in
1500 3073 1628 3136 litteris
1644 3073 1816 3155 ascripta:

1190 3239 1213 3295 l.
1231 3238 1335 3295 Codex
1351 3238 1401 3312 qui
1418 3238 1564 3293 continet:
1586 3237 1609 3292 l.
1626 3237 1743 3312 Logica
1759 3236 1856 3292 maior
1873 3249 1934 3292 tra·

1103 3343 1165 3399 dita
1180 3361 1198 3398 a
1213 3343 1249 3398 R.
1267 3344 1300 3398 P.
1313 3342 1445 3398 Antonio
1459 3341 1599 3417 Klappitz
1612 3358 1690 3397 anno
1708 3339 1799 3415 1765.
1817 3340 1855 3396 ΙΙ.
1870 3341 1936 3397 Me·

1103 3448 1293 3524 taphysicae;
1315 3465 1385 3522 pars
1401 3447 1428 3502 1.·
1446 3447 1620 3519 Ontologia‚
1637 3463 1708 3522 pars
1725 3445 1767 3501 11:
1784 3446 1936 3501 Pneuma·

1102 3554 1227 3627 tologia,
1245 3553 1272 3606 in
1289 3556 1331 3624 40.
1347 3549 1404 3608 sub
1420 3551 1497 3607 Msn.
1516 3548 1577 3623 296
1593 3545 1623 3627 (a
1638 3564 1668 3605 et
1684 3546 1721 3626 b).
1744 3547 1830 3623 Sign.
1848 3549 1936 3626 DJK.

1102 3659 1139 3714 ll.
1157 3654 1184 3729 β.
1206 3673 1231 3714 1.
1248 3677 1278 3733 p.
1297 3656 1365 3730 146,
1380 3656 1452 3724 282,
1470 3671 1538 3722 112,
1556 3669 1596 3727 29
1613 3655 1642 3709 in
1653 3651 1840 3710 bibliotheca
1852 3672 1936 3710 mon.

1188 3781 1226 3836 II.
1243 3779 1406 3836 Tractatus
1422 3776 1666 3853 prolegominalis
1685 3774 1723 3832 de
1742 3773 1863 3831 actibus
1880 3775 1939 3830 bu·

1101 3887 1196 3942 manis
1212 3885 1283 3941 tomi
1297 3883 1366 3939 duo.
1383 3883 1460 3938 Msn.
1476 3894 1547 3936 202.
1560 3878 1644 3954 Sign.
1658 3878 1734 3953 buc.
1749 3880 1771 3934 l.
1788 3876 1816 3951 β.
1835 3894 1865 3952 9.
1885 3895 1937 3937 1ο.

1101 3991 1130 4046 in
1154 3996 1197 4062 40.
1225 3991 1289 4045 sine
1312 4006 1383 4063 pag.
1411 3987 1440 4041 in
1466 3982 1539 4039 bibl.
1567 4000 1645 4038 anno
1678 3980 1758 4055 1766
1785 3997 1818 4038 er
1849 3983 1937 4058 1769

1102 4111 1220 4149 conscr.

1188 4214 1240 4270 Ill.
1257 4213 1422 4270 Tractatus
1438 4211 1474 4268 de
1491 4211 1558 4267 Deo
1575 4212 1700 4285 eiusque
1716 4208 1825 4265 divinis
1846 4212 1939 4267 attri-

1101 4317 1192 4375 butis.
1213 4316 1288 4374 Cod.
1305 4334 1375 4393 pap.
1397 4319 1488 4389 11140.
1512 4316 1589 4371 Msn.
1611 4330 1680 4388 194.
1704 4311 1788 4388 Sign.
1812 4312 1894 4391 BlK.
1912 4315 1937 4373 1.

1101 4421 1128 4495 β.
1150 4438 1174 4479 1.
1191 4423 1255 4477 sine
1271 4440 1342 4497 pag.
1358 4440 1437 4476 anno
1458 4419 1537 4494 1767
1555 4439 1672 4477 conscr.
1690 4417 1762 4476 bibl.

1187 4543 1238 4600 IV.
1248 4543 1411 4599 Tractatus
1423 4543 1460 4598 de
1472 4543 1552 4598 vitiis
1565 4554 1595 4598 et
1607 4542 1750 4618 peccatis.
1768 4540 1845 4598 Cod.
1859 4559 1934 4618 pap.

1100 4649 1176 4705 Msn.
1198 4645 1266 4721 196.
1292 4647 1376 4723 Sign.
1397 4648 1473 4723 BsK.
1498 4646 1521 4702 Ι.
1548 4643 1574 4718 β.
1598 4660 1628 4717 3.
1653 4647 1745 4718 11140.
1769 4647 1835 4702 sine
1858 4665 1934 4721 pag.

1099 4751 1173 4810 bibl.
1190 4752 1228 4808 de
1244 4771 1322 4808 anno
1344 4751 1434 4825 1767.

1186 4875 1222 4931 V.
1236 4873 1400 4930 Tractatus
1416 4872 1454 4928 de
1467 4869 1584 4947 legibus
1597 4885 1628 4928 et
1639 4871 1836 4928 conscientia.
1851 4872 1933 4930 Cod.

1099 4997 1170 5055 pap.
1186 4979 1263 5035 Msn.
1281 4977 1349 5051 198.
1366 4975 1450 5052 Sign.
1464 4976 1540 5056 BJK.
1555 4977 1577 5032 1.
1591 4973 1617 5048 β.
1631 4991 1661 5049 5.
1679 4976 1707 5032 in
1720 4982 1763 5048 40.
1780 4978 1846 5032 sine
1858 4994 1933 5053 pag.

1097 5081 1170 5140 bibl.
1188 5082 1225 5138 de
1239 5099 1321 5170 anno
1342 5080 1433 5155 1767.
1826 5096 1834 5115 ·

1185 5206 1235 5262 VI.
1249 5203 1413 5260 Tractatus
1426 5204 1463 5260 de
1475 5205 1664 5260 sanctissima
1674 5203 1836 5260 Trinitate.
1852 5203 1934 5261 Cod.

1097 5328 1169 5386 pap.
1185 5309 1261 5365 Msn.
1276 5323 1344 5382 195.
1362 5306 1447 5382 Sign.
1460 5308 1537 5385 BsK.
1551 5309 1574 5364 l.
1587 5304 1614 5379 β.
1628 5322 1657 5364 2.
1674 5309 1703 5362 111
1719 5314 1762 5380 40.
1780 5310 1845 5365 sine
1853 5325 1933 5385 pag.

1098 5416 1127 5470 in
1142 5411 1215 5469 bibl.
1232 5412 1269 5469 de
1285 5430 1364 5468 anno
1385 5409 1475 5484 1768.
