4222 6106
927 452 1169 516 „xc-

781 683 813 738 In
838 682 953 757 figuren
976 681 1029 738 das
1052 681 1255 750 beczaichent‚

779 795 817 851 do
841 813 932 869 ysaac
956 795 1010 850 das
1033 794 1121 871 opfer
1145 794 1268 861 michea,

779 905 941 963 osterlamb
965 906 1019 963 das
1042 908 1118 963 auch
1142 904 1374 975 beschwaichet,

779 1020 980 1096 hymmelprot
1003 1033 1078 1075 wart
1100 1025 1206 1075 vatem
1230 1019 1334 1074 kunt.“

313 1207 412 1289 Quae
436 1208 480 1269 ad
505 1208 636 1269 cultum
659 1207 700 1268 B.
716 1205 764 1267 M.
780 1206 823 1268 V.
848 1207 1127 1287 promovendum
1149 1214 1315 1287 spectant
1338 1205 1504 1285 carmina,
1533 1206 1662 1286 partim
1686 1226 1732 1268 ex
1756 1206 1912 1288 antiquis

182 1349 365 1428 translata,
387 1346 515 1428 partim
539 1347 585 1407 ab
609 1344 695 1426 ipsis
718 1344 950 1425 scriptoribus
974 1342 1170 1424 composita
1193 1363 1364 1405 summam
1388 1353 1423 1406 et
1447 1343 1744 1425 impensissimam
1760 1365 1911 1408 venera·

184 1488 314 1549 tionem
338 1485 496 1547 tribuunt
518 1483 770 1545 Immaculatae
792 1480 861 1543 Dei
883 1479 1048 1563 genitrici
1076 1480 1298 1562 maximeque
1329 1483 1521 1543 ostendunt
1547 1483 1799 1545 monachorum
1827 1485 1912 1565 poi}-

183 1636 297 1688 tarum
332 1623 521 1706 ingenium.
572 1622 782 1702 Exemplum
820 1620 866 1683 sit
900 1620 1013 1702 prima
1047 1621 1194 1701 stropha
1227 1619 1409 1682 carminis:
1452 1621 1546 1702 „Das
1581 1622 1661 1683 Ave
1697 1621 1812 1684 Maria
1847 1624 1911 1685 des

182 1764 361 1826 munich“:

780 1876 892 1946 „Maria
915 1876 962 1950 pis
986 1888 1175 1948 gegruezzet,

777 1987 844 2043 dein
867 2000 966 2042 zarter
988 1987 1208 2063 bochgelopter
1232 2006 1298 2043 nam

776 2117 832 2154 vor
855 2098 932 2154 allen
956 2098 1065 2172 dingen
1089 2107 1191 2156 siizzet

777 2211 815 2266 du
839 2212 924 2284 sdlge
948 2210 1127 2287 hymelport.

776 2324 852 2381 Wer
875 2324 976 2380 mdcht
999 2323 1067 2380 dein
1091 2322 1141 2380 lob
1165 2322 1396 2397 durchgriinden

776 2436 861 2492 seind
883 2450 939 2511 got
961 2454 1020 2491 von
1043 2433 1142 2510 hymel
1166 2455 1200 2490 zu
1224 2434 1269 2490 dir
1292 2453 1381 2509 quam

780 2548 838 2603 und
862 2566 917 2603 uns
941 2548 1034 2603 erlost
1057 2566 1117 2603 von
1141 2548 1253 2603 siinden

776 2660 869 2716 durch
892 2659 960 2715 dich
983 2659 1043 2715 viel
1066 2659 1148 2716 edler
1172 2660 1249 2716 hort.

775 2773 823 2828 Du
847 2774 894 2847 pis
917 2772 970 2828 der
993 2791 1062 2846 weg
1085 2791 1144 2828 von
1167 2785 1222 2846 got
1244 2791 1279 2827 zu
1304 2790 1358 2826 uns

775 2883 833 2940 und
857 2903 917 2940 von
941 2904 995 2940 uns
1019 2885 1079 2959 hyn
1104 2905 1138 2940 zu
1162 2898 1226 2959 got.

773 2997 874 3053 Durch
898 2996 936 3052 all
960 2997 998 3072 dy
1022 2996 1081 3054 lieb
1107 2999 1191 3054 deins
1216 3010 1333 3053 trauten
1357 3015 1429 3053 suns

772 3109 833 3176 hilf,
858 3110 912 3165 daz
936 3112 990 3166 wir
1013 3112 1052 3185 hy
1076 3110 1129 3166 aus
1149 3111 1241 3166 erden

772 3240 832 3279 von
855 3242 903 3296 ym
926 3236 1108 3298 gegruezzet
1134 3223 1254 3279 werden

774 3334 828 3391 des
852 3337 899 3411 pis
923 3337 1018 3392 Maria
1042 3340 1124 3411 pot.“

313 3546 531 3627 Disciplinae
555 3546 778 3628 theologicae
803 3546 954 3609 conditis
977 3547 1169 3610 academiis
1191 3547 1366 3629 Pragensi
1390 3555 1426 3609 et
1446 3546 1717 3608 Vindobonensi
1733 3547 1754 3625 ¹)
1785 3545 1910 3608 iterum

184 3682 457 3748 efflorescebant
480 3705 595 3765 neque
619 3705 640 3746 a
663 3685 896 3768 monasteriis,
914 3705 1005 3766 quae
1021 3705 1106 3747 mox
1129 3706 1208 3748 curn
1225 3685 1293 3748 illis
1309 3685 1502 3747 academiis
1518 3684 1726 3747 societatem
1749 3683 1910 3764 inierant,

184 3834 285 3885 erant
308 3823 454 3885 alienae.
499 3823 693 3885 Plurimum
715 3843 801 3931 vero
823 3844 898 3886 rem
922 3824 1116 3886 adiuvabat
1140 3833 1299 3886 correcta
1323 3823 1519 3906 disciplina,
1543 3843 1613 3904 qua
1637 3823 1762 3884 eadem
1789 3823 1911 3903 primis

185 3962 317 4024 saeculi
339 3962 421 4023 XV.
447 3962 626 4024 decenniis
655 3963 820 4025 alacritas
842 3963 1015 4044 vigorque
1042 3971 1211 4025 revocata
1239 3972 1321 4024 sunt
1349 3964 1394 4024 ad
1423 3962 1577 4025 studium
1600 3961 1797 4024 litterarum
1820 3971 1911 4024 trac-

183 4102 340 4163 tandum.
382 4101 477 4164 Inter
500 4100 656 4163 eruditos
679 4102 865 4183 theologos
889 4110 925 4163 et
948 4101 1138 4182 scriptores
1154 4102 1176 4182 ²)
1200 4100 1303 4163 huius
1327 4101 1456 4163 aetatis
1480 4101 1610 4163 eminet
1626 4100 1793 4162 Nicolaus
1815 4101 1911 4181 (1418

183 4242 324 4319 -1425)
353 4241 465 4301 abbas
491 4239 717 4320 Mellicensis‚
749 4239 808 4320 qui
840 4241 1089 4303 monasterium
1121 4260 1222 4302 suum
1254 4250 1290 4303 et
1321 4241 1522 4321 exemplum
1552 4249 1672 4302 rectae
1701 4239 1911 4321 disciplinae

185 4387 221 4438 et
244 4377 461 4439 academiam
485 4377 695 4458 optimorum
719 4379 966 4461 magistrorum
990 4380 1153 4443 reddidit.
1199 4381 1234 4441 Is
1261 4380 1379 4442 multis
1408 4379 1571 4460 partibus
1603 4378 1811 4441 coniunctus
1837 4388 1912 4441 erat

185 4535 264 4577 cum
288 4516 471 4579 academia
493 4516 761 4579 Vindobonensi
785 4526 820 4580 et
843 4517 929 4580 viris
952 4518 1176 4598 doctissimis,
1200 4528 1239 4581 ut
1262 4518 1454 4581 clarissimo
1479 4516 1657 4598 Gersone‚
1689 4516 1749 4598 qui
1774 4527 1810 4579 et
1834 4516 1911 4599 ipse

438 4709 496 4717 ——-

315 4829 335 4911 ¹)
358 4831 521 4888 Academia
544 4834 705 4907 Pragensis
733 4832 811 4905 1348
836 4852 854 4888 a
870 4834 981 4890 Carolo
999 4834 1047 4891 IV.
1073 4836 1264 4910 imperatore,
1281 4833 1523 4892 Vindobonensis
1545 4832 1622 4906 1365
1642 4851 1659 4888 a
1676 4832 1840 4908 Rudolpho
1857 4834 1908 4891 IV.

184 4945 261 5001 duce
294 4946 415 5003 condita
446 4960 509 5014 est,
541 4965 618 5020 quae
653 4945 732 5019 1384
760 4966 778 5002 a
806 4946 899 5003 fratre
931 4946 1135 5004 eiusAlberto
1167 4949 1219 5003 lll.
1244 4950 1424 5004 auctoritate
1455 4948 1556 5023 Papae
1586 4960 1673 5003 aucta
1705 4957 1751 5002 est
1781 4946 1912 5022 collegio

185 5057 370 5131 theologico.
1142 5138 1146 5146 1

316 5166 338 5246 ²)
362 5171 553 5227 Nominamus
577 5173 742 5247 scriptores
766 5170 909 5248 operibus
934 5172 1128 5228 clarissimos.
1160 5172 1359 5247 Ziegelbauer
1383 5173 1400 5229 l.
1419 5191 1444 5229 c.
1469 5173 1521 5228 ΙΙΙ.
1546 5185 1667 5229 secutus
1691 5172 1749 5228 Pez
1766 5186 1797 5229 et
1812 5170 1915 5248 Kropi

185 5281 294 5336 multos
318 5280 394 5338 alios
418 5297 571 5350 memorat,
596 5303 722 5359 quorum
747 5287 861 5360 scripta
884 5286 969 5360 parvi
994 5286 1081 5360 pretii
1105 5300 1182 5341 sunt.
1230 5287 1263 5341 ln
1294 5286 1400 5342 litteris
1432 5285 1609 5359 theologicis
1637 5287 1792 5360 posuimus
1821 5287 1911 5342 etiam

184 5395 298 5469 scripta
322 5395 453 5450 ascetica
477 5407 507 5450 et
530 5395 756 5452 dissertationes
780 5396 817 5452 de
841 5415 864 5452 s.
889 5396 1003 5469 regula.
