4222 6106
845 500 888 509 -
933 464 1060 526 LXIX
1106 502 1147 511 --

123 690 342 753 Franciscus
359 690 583 773 gymnasium
599 711 627 753 s.
640 690 769 752 Annae
793 688 939 752 tradidit
956 688 1074 753 Scotis
1086 689 1437 769 Vindobonensibus,
1462 691 1523 772 qui
1539 711 1623 754 cura
1639 702 1675 755 et
1691 692 1864 756 industria

124 829 334 912 effecerunt,
369 841 408 894 ut
438 830 663 913 gymnasium
695 828 868 893 Scotense
903 828 995 891 inter
1030 829 1261 891 celeberrima
1292 830 1480 912 gymnasia
1511 830 1649 913 imperii
1681 831 1863 895 Austriaci

125 980 333 1032 numeretur
348 970 380 1050 ι).
427 969 533 1031 Anno
561 973 642 1047 1814
666 969 787 1032 schola
818 968 1077 1031 monasterialis
1101 966 1410 1032 Seitenstettensis
1441 989 1505 1050 per
1532 973 1700 1034 abbatem
1724 970 1863 1034 Colum-

127 1111 261 1170 banum
285 1107 480 1170 Zeehenter
504 1109 742 1189 (1814-1833)
772 1107 996 1188 imperatoris
1024 1107 1236 1170 auctoritate
1269 1117 1405 1170 mutata
1436 1119 1491 1171 est
1522 1108 1557 1170 in
1588 1082 1732 1191 plenum
1763 1130 1864 1193 gym-

123 1248 267 1310 nasium
289 1247 470 1329 publicum
485 1249 518 1326 2).
565 1246 606 1309 111
629 1245 845 1309 monasterio
868 1243 1104 1326 Gottvicensi,
1127 1245 1373 1327 Lambacensi,
1399 1247 1690 1331 Altenburgensi,
1719 1250 1862 1312 scholae

124 1388 407 1467 monasteriales,
431 1406 523 1468 quae
547 1398 654 1450 antea
676 1385 826 1467 fuerant,
850 1385 1038 1448 restitutae
1062 1397 1154 1450 sunt.

260 1525 333 1587 Nec
357 1525 470 1587 minor
494 1536 571 1588 erat
598 1525 634 1587 in
658 1523 766 1589 Stiria
798 1534 833 1587 et
860 1522 1042 1587 Carinthia
1071 1524 1383 1588 Benedictinorum
1414 1524 1597 1590 industria.
1637 1527 1864 1590 Benedictini

125 1664 392 1728 Admontenses
430 1684 522 1727 anno
565 1668 644 1726 1808
685 1663 908 1746 gymnasium
943 1663 1158 1727 Liubinense
1197 1676 1425 1746 receperunt,
1465 1684 1579 1746 eoque
1614 1665 1650 1727 in
1689 1666 1860 1748 oppidum

125 1804 424 1886 Iudenburgense
446 1804 619 1866 translato
643 1801 828 1865 Admontii
860 1801 1037 1884 privatum
1068 1802 1304 1865 condiderunt
1333 1803 1575 1885 gymnasium,
1608 1805 1703 1885 quod
1732 1824 1863 1889 magno
1946 1794 1949 1800 ¹

124 1943 383 2024 discipulorum
408 1961 553 2005 numero
577 1941 871 2022 frequentabatur
884 1942 919 2019 ³).
965 1939 1159 2003 Praeterea
1182 1961 1275 2004 anno
1295 1945 1374 2003 1802
1393 1942 1619 2025 gymnasium
1636 1941 1862 2027 Graeciense,

123 2081 189 2144 cui
213 2082 396 2145 convietus
420 2094 496 2144 erat
519 2081 722 2160 adiunctus,
745 2081 791 2141 ab
815 2078 1030 2159 imperatore
1053 2078 1082 2140 F
1084 2077 1245 2141 rancisco
1268 2081 1532 2161 acceperunt4).
1579 2080 1619 2143 In
1649 2083 1863 2147 monasterio

122 2242 158 2285 s.
183 2220 373 2302 Lamberti,
393 2232 587 2307 postquam
611 2217 834 2302 imperatoris
852 2236 987 2280 summa
1003 2217 1120 2300 gratia
1135 2218 1338 2281 restitutum
1355 2229 1420 2301 est,
1443 2221 1621 2302 privatum
1638 2221 1864 2304 gymnasium

123 2360 313 2423 conditum
337 2370 391 2423 est
415 2360 669 2440 discipulorum
693 2379 838 2422 numero
861 2358 949 2421 satis
973 2359 1115 2422 celebre
1129 2361 1164 2440 ⁵).

263 2498 487 2561 Benedictini
518 2518 545 2562 s.
569 2497 696 2578 Blasii,
728 2518 807 2560 cum
839 2497 963 2560 relicto
994 2498 1029 2560 in
1057 2498 1213 2561 Abnoba
1244 2509 1362 2561 monte
1393 2500 1608 2562 monasterio
1639 2500 1863 2581 imperatoris

123 2637 251 2723 gratia
273 2658 365 2701 anno
393 2643 471 2717 1807
502 2636 753 2700 monasterium
782 2637 828 2698 ad
851 2636 1009 2719 Pyrnum
1037 2648 1192 2700 montem
1222 2648 1330 2718 atque
1361 2639 1499 2700 duobus
1530 2638 1631 2700 annis
1661 2649 1743 2720 post
1774 2640 1863 2703 anti-

123 2776 340 2859 quissimum
371 2776 624 2839 monasterium
657 2796 683 2839 S.
715 2775 817 2838 Pauli
851 2776 887 2838 in
911 2775 1101 2844 ,Carinthia
1131 2777 1372 2858 accepissent,
1405 2775 1643 2860 Clagenfurti,
1674 2778 1709 2840 in
1745 2780 1863 2861 capite

124 2915 344 2997 Carinthiae,
368 2915 545 2998 gymnasii
569 2927 605 2978 et
628 2914 720 2998 lycei
744 2934 863 2977 curam
887 2926 1121 2996 susceperunt
1151 2925 1258 2996 atque
1290 2915 1325 2977 in
1356 2915 1435 2996 ipso
1463 2917 1677 2980 monasterio
1705 2918 1862 2980 scholam

121 3067 348 3136 aperuerunt
362 3054 397 3133 ⁶).

262 3193 303 3255 In
316 3194 444 3276 Tirole,
462 3213 540 3256 cum
557 3194 808 3257 monasterium
825 3193 1187 3256 Mariae-Montanum
1204 3213 1296 3256 anno
1317 3197 1395 3272 1807
1412 3214 1477 3276 per
1493 3195 1667 3258 Bavarios
1683 3195 1861 3259 sublatum

123 3343 237 3411 esset,
260 3333 484 3415 gymnasium
507 3333 719 3396 Meranense
743 3332 857 3414 primo
881 3353 950 3395 una
973 3334 1161 3414 sublatum,
1186 3333 1314 3395 deinde
1337 3334 1541 3397 restitutum
1556 3345 1664 3415 atque
1681 3336 1727 3397 ad
1743 3335 1862 3398 Bava-

124 3472 240 3534 ricam
264 3472 459 3535 studiorum
483 3473 654 3536 rationem
673 3474 942 3535 accomodatum
959 3482 1023 3536 est.
1054 3472 1095 3534 Id
1119 3472 1284 3535 restituto
1307 3473 1521 3536 monasterio
1538 3472 1861 3536 Mariae-Montano

123 3611 357 3673 Benedictini
379 3620 592 3691 receperunt
616 3621 652 3674 et
675 3629 759 3672 mox
781 3611 965 3692 pristinam
991 3610 1067 3674 eius
1090 3610 1219 3674 famam
1243 3621 1501 3673 revocaverunt
1517 3614 1549 3691 ⁷).

261 3751 300 3811 In
325 3752 455 3813 ducatu
479 3749 746 3833 Salisburgensi
770 3769 884 3831 aeque
908 3770 949 3812 ac
973 3750 1008 3812 in
1030 3750 1147 3812 Tirole
1171 3750 1344 3812 bellorum
1367 3751 1493 3812 turbae
1517 3750 1635 3813 studia
1656 3751 1862 3815 Benedicti·

120 3908 252 3952 norum
277 3889 517 3951 cohibuerant.
549 3890 744 3971 Postquam
769 3891 919 3952 ducatus
943 3908 1035 3951 anno
1063 3894 1143 3951 1816
1166 3888 1314 3969 imperio
1329 3888 1521 3952 Austriaco
1538 3891 1655 3953 denuo
1670 3889 1860 3954 adiunctus

119 4038 239 4110 atque
263 4039 460 4109 temporum
485 4028 734 4109 opportunitas
758 4039 950 4091 consecuta
974 4036 1043 4108 est,
1068 4027 1292 4090 Benedictini
1323 4028 1616 4092 monasteriorum
1645 4049 1672 4092 s.
1694 4029 1793 4092 Petri
1825 4040 1861 4093 et

116 4168 409 4231 Michaelburani
440 4168 665 4251 gymnasium
694 4166 986 4251 Salisburgense,
1019 4167 1076 4230 cui
1105 4168 1245 4249 lyceum
1276 4167 1434 4229 additum
1465 4178 1557 4247 erat,
1589 4167 1625 4229 in
1649 4187 1718 4249 quo
1745 4168 1859 4249 philo·

115 4307 296 4388 sophicae
321 4308 529 4390 disciplinae
554 4310 784 4389 docebantur,
808 4318 1024 4388 acceperunt
1039 4326 1278 4390 magnamque
1302 4307 1332 4369 ei
1357 4306 1487 4369 famam
1512 4307 1859 4389 circumdederunt⁸).

259 4628 279 4709 1)
303 4633 487 4688 Geschichte
511 4633 565 4689 des
590 4632 802 4707 Gymnasiums
826 4653 861 4689 zu
885 4632 943 4689 den
967 4632 1113 4690 Schotten
1139 4636 1168 4688 in
1192 4633 1291 4690 Wien.

257 4742 278 4823 ²)
304 4745 488 4803 Geschichte
513 4746 566 4802 des
591 4745 804 4821 Gymnasiums
828 4766 863 4802 zu
889 4745 1115 4803 Seitenstetten.

255 4855 278 4935 ³)
301 4859 411 4921 Fucbs‚
435 4860 569 4916 Admont
593 4860 611 4916 l.
636 4880 661 4916 c.

258 4970 279 5048 ⁴)
304 4971 488 5030 Gcschichte
513 4973 566 5028 des
591 4969 803 5048 Gymnasiums
828 4993 863 5028 zu
888 4972 977 5029 Graz.

259 5081 281 5162 5)
304 5086 413 5155 Friess,
438 5085 568 5144 Studien
591 5087 609 5142 Ι.
635 5107 660 5143 c.
685 5086 720 5142 V.

258 5191 280 5275 ⁶)
304 5199 453 5260 Carinthia
479 5201 498 5257 l.
526 5219 552 5256 c.

256 5306 276 5386 ⁷)
300 5311 480 5380 Geschichte
507 5298 803 5385 des'Gymnasinms
826 5329 885 5367 von
909 5311 1022 5367 Meran.

254 5416 274 5498 Β)
297 5424 478 5503 Gescffichte
508 5426 565 5484 (les
590 5424 801 5498 Gymnasiums
825 5444 861 5480 zu
885 5421 1042 5498 Salzburg.
