4222 6106
927 469 1212 517 —121—

183 654 363 718 sollerter
376 674 422 717 an
438 653 673 736 neglegenter
688 650 924 723 administret;
946 671 1029 712 num
1109 651 1260 714 aedificii
1287 651 1443 734 lapidem
1470 651 1599 733 posuit.
1633 653 1721 715 Post
1750 650 1939 715 triennium

183 776 380 840 solvendis
394 775 587 839 contractis
599 773 729 836 debitis
739 793 804 855 par
812 793 892 835 esse
907 782 1028 853 queat;
1109 775 1275 856 aedibus,
1307 774 1518 837 utensilibus
1548 774 1698 856 aliisque
1728 774 1939 838 necessariis

181 921 280 964 num
295 911 374 964 tuto
390 898 441 961 illi
458 898 627 979 deinceps
643 896 796 978 pecunia
808 916 872 978 pro
884 896 1028 958 foenore
1109 901 1176 962 rite
1197 898 1378 980 dispositis
1402 898 1460 959 die
1489 920 1535 976 14.
1552 899 1642 961 Nou.
1663 902 1743 976 1784
1764 897 1939 979 primitias

181 1022 293 1087 credi
307 1021 436 1105 possit,
452 1020 603 1102 aliaque.
627 1018 728 1100 Quae
749 1018 891 1100 quidem
913 1017 1030 1080 omnia

184 1145 341 1227 domini,
362 1144 587 1207 subditorum
602 1152 639 1205 et
653 1141 915 1205 foeneratorum
937 1160 1030 1202 com-

1109 1021 1158 1103 pii
1182 1020 1344 1101 instituti,
1372 1021 1495 1082 decem
1518 1039 1696 1102 pauperes
1720 1029 1757 1083 et
1780 1022 1938 1101 miseroS,

1110 1143 1253 1225 publica
1274 1143 1501 1223 processione
1525 1162 1545 1203 e
1568 1142 1762 1223 parochiali
1786 1141 1939 1205 ecclesia

184 1270 300 1335 modo
329 1277 435 1330 erant
459 1267 550 1329 adeo
575 1263 748 1345 evidenti,
773 1273 811 1325 ut
834 1262 1029 1325 vicinorum
1110 1285 1152 1327 eo
1169 1265 1375 1344 introduxit,
1400 1264 1502 1326 simul
1523 1266 1692 1326 sacellum
1714 1263 1750 1326 in
1770 1265 1939 1326 honorem

185 1390 399 1477 principum
411 1387 544 1452 subditi
556 1406 678 1469 parem
691 1385 953 1467 prOV1dent1am
962 1383 1030 1445 s1b1
1109 1407 1136 1450 s.
1153 1387 1334 1449 Laurentii
1350 1386 1438 1451 diac.
1456 1395 1491 1449 et
1507 1397 1606 1450 mart.
1624 1387 1857 1466 consecravit,
1878 1407 1939 1448 an·

186 1517 329 1580 frustra
359 1519 603 1593 peroptarent
638 1508 794 1571 Paterna
825 1507 906 1569 dein
937 1526 1031 1568 com·
1110 1529 1180 1571 nua
1200 1510 1345 1590 insuper
1365 1510 1646 1571 remuneratione
1667 1510 1707 1570 P.
1724 1510 1763 1573 P.
1780 1508 1939 1571 Paulinis

188 1635 425 1704 miseratione
451 1652 537 1715 erga
561 1631 725 1713 pupillos,
751 1649 898 1712 quorum
922 1628 1031 1711 patri·
1110 1631 1295 1713 promissa,
1320 1642 1358 1694 ut
1381 1652 1471 1693 unus
1495 1651 1615 1693 eorum
1639 1630 1787 1713 singulis
1812 1630 1939 1693 diebus

190 1757 353 1825 monium
379 1754 588 1837 saepissime
613 1752 747 1815 incuria
772 1760 926 1814 tutorum
950 1769 1030 1832 pes·
1111 1754 1295 1817 dominicis
1312 1767 1347 1816 et
1363 1754 1502 1818 festivis
1518 1755 1553 1816 in
1570 1754 1701 1816 sacello
1722 1774 1824 1816 sacra
1843 1752 1939 1815 face-

194 2004 322 2067 fiscum
335 1999 518 2082 publicum
532 2017 597 2079 pro
609 1997 755 2059 foenore
770 1998 951 2059 elocentur
964 1996 1030 2056 sub
1109 1999 1174 2061 rali
1191 1999 1429 2080 explicatione
1446 1999 1581 2060 incolas
1598 2000 1703 2060 rudes
1719 1999 1938 2079 plerumque,

197 2123 313 2188 tutela
325 2121 525 2204 quaestoris
538 2119 718 2182 Blasiani
710 2139 744 2181 1n
758 2117 951 2199 Bonndorf,
969 2119 1030 2179 do·
1109 2122 1200 2183 male
1217 2122 1397 2201 educatos,
1414 2121 1554 2183 infimae
1566 2121 1682 2202 plebis
1694 2121 1864 2204 homines,
1878 2119 1938 2202 qui

200 2266 269 2309 nec
285 2244 407 2327 pupilli
430 2241 660 2322 adoleverint,
682 2250 718 2304 et
741 2242 847 2303 rebus
867 2240 940 2303 suis
961 2239 1029 2320 ipsi
1110 2244 1295 2306 ecclesiam
1313 2243 1551 2325 parochialem
1568 2243 1666 2305 adire
1687 2262 1758 2305 non
1779 2253 1937 2324 possent,

201 2367 406 2448 prospicere
441 2364 590 2448 possint.
629 2361 799 2426 Similiter
834 2361 954 2423 sanxit
985 2362 1029 2422 de

201 2489 306 2552 bonis
319 2486 564 2552 haereditariis
582 2484 834 2547 miserabilium
851 2493 886 2547 et
902 2486 1030 2546 absen-
1109 2489 1317 2570 patientiam
1330 2487 1489 2569 aliasque
1501 2487 1652 2550 virtutes
1666 2488 1833 2549 colendas
1846 2507 1938 2549 com-

201 2610 302 2693 tiurn,
316 2621 354 2673 ut
365 2629 449 2673 vere
462 2618 559 2672 tutor
571 2618 607 2671 et
619 2617 723 2689 pater
734 2607 948 2688 pupillorum
961 2605 1030 2667 dici

198 2733 366 2806 potuerit.
379 2731 575 2794 Maximum
588 2749 674 2791 vero
687 2749 778 2810 opus
790 2727 936 2809 pietatis
949 2729 1030 2789 cha-

1109 2622 1279 2692 moneret,
1305 2630 1397 2691 quae
1416 2611 1483 2672 hoc
1504 2610 1683 2672 hominurn
1705 2630 1818 2692 genus
1835 2611 1938 2671 dece-

1109 2743 1197 2796 rent.
1221 2733 1397 2794 Numerus
1414 2732 1607 2795 incolarum
1627 2731 1731 2795 huius
1751 2731 1938 2813 hospitalis

195 2850 365 2916 ritatisve
381 2871 576 2936 aggressus
592 2860 657 2933 est,
675 2852 869 2931 condend0,
882 2869 1029 2912 venera·
1109 2855 1144 2916 in
1172 2853 1248 2916 dies
1273 2858 1481 2937 augebatur.
1511 2853 1636 2934 (Grata
1660 2855 1852 2936 posteritas
1876 2856 1938 2915 ab·

192 2970 272 3036 bili
285 2975 433 3058 capitulo
446 2973 534 3038 San·
536 2974 704 3036 Blasiano
716 2973 944 3054 assentiente,
957 2992 1030 3033 am·
1109 2978 1228 3038 batem
1245 2976 1544 3038 Martinum‘anno
1565 2979 1644 3038 1856
1665 2975 1796 3058 insigni
1816 2995 1937 3038 monu-

194 1879 315 1961 sumit,
339 1877 399 1961 pie
423 1876 553 1957 sanxit,
577 1885 617 1938 ut
637 1877 731 1937 bona
755 1872 1002 1956 pupillorum
993 1892 1072 1933 1n
1110 1885 1174 1957 ret,
1196 1887 1232 1939 et
1251 1876 1423 1958 praelecti
1448 1875 1646 1958 evangelici
1669 1876 1843 1958 segmenti
1866 1895 1939 1937 mo-

187 3093 303 3171 plum
315 3096 541 3179 hospitalem
558 3095 751 3177 Bonndorf,
772 3097 817 3157 ad
835 3094 935 3156 cuius
951 3113 1030 3175 per·
1109 3110 1225 3162 mento
1242 3100 1278 3161 in
1294 3098 1369 3161 eius
1385 3099 1588 3160 memoriam
1608 3098 1644 3159 in
1660 3096 1848 3159 Bonndorf
1866 3098 1937 3159 col-

187 3227 348 3293 petuam
362 3218 657 3281 sustentationem
679 3222 785 3280 80000
807 3216 959 3279 florenos
984 3235 1029 3278 ex
1109 3224 1225 3285 locato
1243 3223 1350 3304 digne
1366 3221 1567 3293 honoravit;
1589 3230 1625 3282 et
1645 3240 1737 3282 anno
1759 3224 1837 3282 1868
1860 3228 1937 3282 tota

187 3355 208 3397 s.
247 3338 361 3403 Blasii
384 3340 617 3422 proventibus
641 3340 854 3420 devovebat,
877 3338 1029 3401 subditis
1069 3366 1071 3373 ·
1109 3345 1236 3407 civitas
1252 3343 1531 3406 Bonndorfensis
1549 3344 1675 3405 eodem
1695 3353 1799 3424 grato
1819 3342 1936 3404 animo

188 3468 339 3525 lantum
358 3484 443 3543 9000
459 3462 737 3526 conferentibus:
753 3461 861 3543 idque
878 3480 924 3524 ex
941 3463 1029 3542 dup·
1068 3502 1071 3555 Ι
1109 3465 1326 3529 sollemniter
1360 3465 1554 3528 celebravit
1584 3463 1775 3547 benignam
1806 3484 1936 3545 curam,

192 3581 295 3662 phcr
306 3585 379 3670 fine,
395 3595 435 3648 ut
447 3585 580 3648 subditi
593 3594 712 3648 aetate
713 3584 959 3667 aegritudine
972 3564 1071 3644 vel
1068 3620 1071 3729 ἔ
1109 3609 1180 3671 qua
1195 3598 1278 3651 ante
1296 3599 1436 3650 centum
1453 3607 1564 3649 annos
1580 3585 1704 3649 fiscum
1726 3587 1763 3648 in
1784 3584 1936 3668 gratiam

196 3703 325 3786 inopia
345 3708 469 3790 pressi,
497 3718 558 3771 aut
585 3710 819 3770 membrorum
843 3717 940 3770 recto
964 3726 1071 3768 usu
1068 3698 1320 3795 pupillorum
1347 3709 1582 3791 fundaverat.)
1613 3710 1724 3770 Porro
1756 3708 1861 3771 etiam
1892 3709 1937 3770 de

201 3823 370 3912 destituti,
392 3832 555 3911 adeoque
576 3829 660 3911 pani
683 3831 852 3892 lucrando
877 3829 1029 3909 impares
1068 3880 1071 3891 .
1109 3834 1296 3915 abigendis
1320 3832 1529 3914 perniciosis
1549 3831 1774 3913 vagabundis
1796 3850 1815 3893 e
1837 3831 1938 3893 terri-

203 3945 351 4014 honeste
361 3962 655 4034 sustentarentur,
673 3962 709 4015 et
724 3962 763 4015 ut
779 3952 878 4014 locus
896 3952 962 4014 iste
979 3951 1029 4013 in·
1069 3946 1071 3993 1
1109 3956 1200 4018 torio
1224 3975 1303 4035 suo,
1331 3957 1376 4016 de
1400 3955 1618 4036 inquirendis
1645 3964 1681 4016 et
1707 3953 1938 4015 sublevandis

211 4071 352 4136 serviret
366 4077 411 4138 ad
432 4074 632 4157 puniendos
654 4082 690 4135 et
712 4074 941 4155 corrigendos
960 4073 1029 4135 for·
1109 4077 1279 4140 mendicis
1308 4088 1343 4140 et
1371 4077 1513 4139 sinistra
1541 4077 1683 4139 fortuna
1710 4076 1746 4138 in
1774 4086 1937 4157 egestate

214 4184 1030 4279 nicariosprodigos,inoboedientesaliisvitiis
1110 4201 1334 4284 degentibus
1359 4211 1395 4263 et
1419 4202 1652 4281 quoadusque
1674 4199 1824 4281 quodvis
1845 4219 1938 4261 com-

218 4302 360 4381 infames.
376 4319 512 4401 Utique
525 4319 593 4380 iam
607 4329 814 4381 antecessor
825 4318 1029 4380 Meinradus
1109 4343 1213 4385 mune
1226 4342 1404 4404 pauperes
1420 4322 1475 4384 sui
1490 4322 1558 4384 loci
1570 4323 1666 4383 alere
1679 4331 1869 4402 teneretur,
1883 4341 1938 4384 sa-

217 4421 261 4485 de
285 4436 441 4504 eiusmodi
465 4441 628 4504 instituto
651 4441 883 4523 cogitaverat,
907 4460 1029 4503 verum
1109 4445 1249 4526 pienter
1263 4444 1454 4528 [praecepit
1477 4456 1512 4505 et
1529 4444 1701 4526 benigne.'
1725 4444 1779 4506 Ne
1800 4454 1937 4525 patres·

215 4558 316 4624 morte
333 4573 548 4645 praeventus
568 4563 766 4626 successori
781 4564 935 4626 Martino
951 4564 1029 4626 reli·
1068 4576 1071 4633 ζ
1108 4565 1260 4629 familias
1276 4566 1441 4628 incendio
1457 4565 1598 4627 aedium
1614 4574 1722 4647 atque
1735 4565 1937 4648 supellecti-

215 4666 292 4755 quit,
308 4694 342 4748 ut
356 4684 556 4767 perficeret.
580 4686 626 4748 Et
641 4704 766 4748 revera
781 4696 864 4766 post
879 4685 1030 4749 feliciter
1108 4688 1207 4750 lisad
1217 4699 1412 4751 extremum
1426 4688 1567 4772 inopiae
1576 4689 1747 4768 venirent,
1761 4688 1828 4750 illis
1838 4687 1937 4749 auxi-

210 4793 383 4872 restitutas
398 4828 426 4873 s.
443 4808 557 4871 Blasii
572 4809 690 4889 aedes,
708 4817 744 4871 et
759 4808 897 4871 felicius
913 4810 1028 4871 adhuc
1068 4784 1070 4833 1
1107 4812 1191 4873 lium
1208 4811 1400 4892 adlaturus,
1421 4810 1514 4872 inter
1533 4811 1695 4873 subditos
1717 4808 1859 4872 ditionis
1875 4809 1937 4870 im-

206 4911 431 5007 ⁶⁰¹11p0sitam
463 4951 542 4993 cum
569 4930 795 4993 serenissima
823 4932 926 4993 domo
954 4932 1028 4993 Au·
1067 4915 1070 4967 1
1108 4933 1197 5015 perii
1214 4932 1481 4994 saluberrimam
1494 4933 1700 4994 societatem
1713 4931 1885 5009 fundavit,
1898 4940 1938 4992 ut

202 5026 330 5114 striaea
351 5052 600 5136 gravissimam
622 5052 731 5135 litem,
758 5051 793 5114 in
817 5061 1028 5134 perpetuum
1067 5046 1070 5133 ζ
1108 5074 1153 5116 ex
1169 5053 1330 5135 pecuniis
1347 5074 1411 5134 pro
1428 5064 1506 5117 rata
1526 5064 1628 5135 parte
1644 5056 1689 5115 ab
1706 5052 1869 5115 omnibus
1886 5052 1936 5115 in-

196 5150 426 5238 g‘fatitudinis
442 5194 529 5258 erga
540 5176 657 5238 Deum
670 5185 935 5238 monumentum
951 5175 1028 5237 fun·
1067 5224 1070 5231 .
1109 5175 1196 5239 colis
1212 5175 1405 5238 numeratis
1421 5186 1520 5239 tanta
1533 5196 1667 5238 summa
1679 5177 1937 5258 subrogaretur

196 5254 286 5348 ‘¹³³8
309 5297 432 5361 statuit
457 5297 542 5360 illud
567 5298 754 5379 hospitale.
786 5297 854 5360 Die
879 5318 929 5376 29.
953 5297 1028 5359 Iun.
1109 5298 1167 5380 illi,
1185 5299 1245 5379 qui
1261 5300 1427 5361 damnum
1443 5318 1571 5379 passus
1585 5308 1649 5380 est,
1663 5306 1796 5378 quanta
1805 5308 1939 5380 aequat

198 5390 281 5471 ¹7⁸1
308 5419 420 5481 abbas
441 5417 616 5482 Martinus
641 5419 858 5483 sollemniter
879 5419 1028 5501 primum
1068 5450 1070 5502 r
1109 5420 1263 5500 pretium
1284 5421 1423 5484 aedium
1445 5423 1716 5484 combustarum.
1745 5421 1938 5485 Praeterea

1683 5529 1713 5577 16

1109 2366 1307 2447 instrueret,
1336 2376 1371 2427 et
1397 2368 1442 2427 ad
1468 2367 1680 2427 servandam
1703 2366 1937 2446 concordiam,
2021 2381 2023 2384 ⁴
