4222 6106
887 474 1169 541 -373-

118 660 228 716 nem
259 655 338 737 ipse
359 657 474 718 abbas
490 655 615 719 Victor
630 655 791 718 Viennae
816 675 986 737 praesens
1024 662 1027 801 ⁴
1065 656 1334 739 Nigrofanensis
1369 657 1515 739 petendi
1551 667 1633 738 post
1670 668 1820 719 mortem
1857 657 1897 719 P.

126 779 407 840 commendare
435 797 505 840 non
535 778 713 860 neglexit,
745 778 801 840 cui
832 779 985 841 maxime
1024 804 1027 851 ;
1066 779 1181 842 Mauri
1197 778 1352 841 Vollsek
1368 799 1511 859 vacans
1528 779 1589 841 ubi
1605 779 1682 841 dies
1700 779 1796 842 vitae
1812 798 1898 842 suae

128 897 451 963 patrocinabatur
467 899 656 981 episcopus
668 900 875 964 Linciensis.
893 899 985 983 Spes

131 997 357 1086 indubitata
369 1022 475 1103 facta,
486 1041 565 1085 eum
576 1024 781 1085 cathedram
789 1033 984 1086 nacturum.

130 1114 227 1224 ,His
255 1145 304 1208 ita
334 1145 559 1227 praeparatis
590 1145 807 1208 Benedictus
841 1145 985 1208 advenit

129 1233 394 1349 Raigradium
417 1286 444 1346 7.
462 1265 541 1330 Oct.
563 1272 639 1345 1841
667 1267 860 1330 instructus
884 1287 985 1349 prae·

127 1369 384 1452 Stantissimis
404 1389 625 1471 testimoniis
650 1389 779 1471 quibus
803 1392 916 1452 abbas
939 1391 985 1452 ad

123 1490 156 1540 ὃ·
205 1507 437 1594 Stephanum,
460 1511 651 1593 episcopus
668 1513 911 1594 Augustanus,
933 1531 985 1574 re·

119 1606 276 1696 &imm
289 1634 507 1716 provinciale
520 1643 556 1696 et
568 1633 800 1696 ministerium
809 1633 985 1696 Bavariae

117 1722 234 1816 eills
246 1755 496 1818 dexteritatem
512 1755 547 1819 in
561 1756 723 1818 docendo
740 1765 776 1818 et
788 1755 985 1837 dirigende,

112 1852 293 1940 νὶεῖειιιι
325 1877 573 1959 eruditionem,
605 1897 740 1941 morum
771 1878 985 1958 probitatem

113 1981 218 2062 θὶς.
240 2010 411 2064 testatam
432 1999 602 2065 fecerunt.
633 2000 778 2063 Interim
802 1999 985 2063 consilium

117 2107 252 2203 QQpit
267 2122 394 2185 excell.
412 2121 456 2186 D.
474 2141 592 2184 comes
608 2121 846 2203 Mittrowsky,
864 2140 986 2202 supre-

115 2234 224 2309 1llus
244 2245 490 2325 cancellarius,
517 2264 595 2306 eum
620 2244 824 2325 adplicandi
848 2245 892 2305 ad
914 2252 985 2305 stu·

120 2354 291 2431 diorum
309 2366 592 2431 commissionem
615 2366 765 2429 aulicam
786 2375 822 2428 et
844 2366 985 2447 quidem

121 2489 208 2560 D'ro
229 2490 455 2553 elaborando
470 2509 563 2551 novo
577 2477 772 2571 systemate
789 2489 985 2551 studiorum

118 2611 429 2696 gymnasiorum,
446 2612 492 2673 ad
505 2612 599 2693 quod
613 2631 738 2674 revera
754 2621 896 2693 praeter
912 2630 984 2673 om-

118 2746 225 2799 nem
247 2733 540 2815 expectationem
557 2734 728 2796 altissima
744 2754 770 2795 s.
788 2733 985 2796 maiestatis

111 2855 371 2922 resolutione
386 2857 456 2919 dte.
471 2876 521 2932 24.
534 2854 747 2918 Novembris
763 2859 838 2934 1841
856 2875 984 2938 provo·

110 2983 250 3045 catus
268 2988 338 3058 est,
359 2978 424 3040 hac
441 2989 560 3040 tamen
582 2978 798 3059 conditione,
821 2989 859 3041 ut
876 2978 984 3041 Vien-

105 3118 205 3167 nae
237 3100 449 3164 monasterii
473 3100 583 3162 nostri
612 3099 780 3182 expensis
807 3110 984 3163 sustenta-

101 3236 262 3305 retur,
297 3224 410 3286 donec
437 3222 540 3284 aliter
567 3242 645 3284 curn
669 3222 748 3303 ipso
773 3223 984 3311 dispositum

102 3344 266 3413 fuerit.
294 3344 489 3425 Postquam
513 3344 689 3427 integrum
705 3364 835 3407 annum
855 3345 890 3407 in
912 3365 984 3407 mo-

96 3467 310 3534 nasterio
341 3465 505 3530 Scotensi
539 3469 674 3549 degens
705 3467 740 3529 in
769 3467 864 3530 dicto
891 3487 983 3530 novo

98 3598 350 3679 systemate
377 3587 596 3651 conficiendo
620 3589 809 3653 desudavit
832 3600 869 3652 et
893 3609 983 3672 opus

100 3711 305 3794 perfecit
321 3713 367 3773 ad
384 3711 678 3792 complacentiam
694 3710 888 3773 altissimae
911 3721 983 3774 stu·

101 3839 291 3902 diorum
317 3833 583 3915 commissionis,
609 3833 756 3897 Octobri
785 3839 874 3914 1842,
903 3853 984 3915 pro-

101 3956 327 4025 fessurum
337 3956 518 4038 religionis
531 3965 567 4018 et
577 3956 828 4038 paedagogiae
841 3956 875 4018 in
889 3956 982 4019 univ.

103 4075 350 4145 Viennensi
377 4078 531 4159 accepit,
563 4079 696 4159 primus
723 4098 742 4140 e
769 4077 983 4140 monasterio

104 4212 290 4280 nostro,
314 4199 374 4280 qui
398 4200 504 4262 talem
528 4201 733 4262 cathedram
757 4201 981 4261 ascenderat!

108 4326 215 4390 Ast
226 4320 478 4384 ultimisannis
488 4321 983 4412 commorationissuaeVien-

108 4464 210 4512 nae
235 4443 346 4526 signa
362 4445 512 4507 obscura
529 4444 632 4506 nimis
656 4444 691 4506 in
716 4446 815 4507 coelo
839 4444 983 4526 politico

111 4567 391 4634 ascenderant
411 4567 697 4648 perturbationes
718 4567 801 4630 anni
821 4572 901 4644 1848
923 4587 983 4629 an·

115 4689 369 4770 nuntiantia,
401 4691 447 4751 ob
474 4709 566 4770 quae
594 4703 784 4771 perspecta
812 4659 984 4753 Benedic-

114 4824 201 4879 tus
226 4820 353 4875 noster
380 4820 499 4874 aetate
523 4811 742 4893 provectior,
768 4811 887 4874 divino
908 4802 983 4874 fere

120 4941 281 5001 ductus
309 4933 435 5015 spiritu
459 4952 551 4995 anno
577 4938 656 5012 1846
680 4933 798 4996 officio
821 4953 885 4996 suo
911 4942 983 4996 tarn

122 5053 346 5123 honorifico
374 5054 574 5117 valedicere
604 5065 703 5118 ratus
732 5066 786 5118 est
815 5065 851 5118 et
878 5074 983 5117 curae

131 5180 348 5245 animarum
371 5177 466 5239 vires
493 5197 575 5240 suas
603 5177 770 5240 dedicare
799 5177 982 5239 consilium

134 5299 275 5365 tenuit.
293 5297 512 5361 Avidissime
526 5298 646 5380 itaque
657 5299 897 5362 occassionem
911 5318 983 5361 am·

1066 902 1185 982 quiete
1201 902 1399 984 transigere
1417 904 1596 983 sperabat.
1622 902 1752 964 Animo
1773 901 1898 964 libenti

1066 1025 1188 1087 annuit
1204 1025 1317 1086 abbas
1339 1035 1375 1087 et
1391 1026 1436 1086 ad
1453 1023 1558 1086 finem
1578 1029 1658 1102 1846
1677 1024 1897 1114 Benedictus

1065 1147 1216 1209 Richter
1231 1148 1277 1208 ad
1293 1147 1408 1208 locum
1429 1157 1682 1228 praeoptatum
1704 1156 1897 1209 transmea-

1065 1269 1130 1349 vit,
1159 1269 1219 1329 ubi
1244 1269 1379 1331 medias
1405 1270 1496 1332 inter
1524 1269 1684 1331 turbines
1708 1269 1896 1350 variasque

1066 1390 1316 1452 altercationes
1345 1389 1453 1452 officii
1479 1391 1582 1453 huius
1606 1410 1750 1473 quoque
1775 1400 1896 1473 partes

1066 1513 1190 1573 eadem
1211 1511 1385 1575 industria
1406 1515 1603 1594 eodemque
1624 1512 1764 1576 fervore
1787 1512 1896 1574 adim·

1066 1634 1192 1714 plevit,
1221 1634 1324 1696 sicuti
1350 1635 1506 1716 Brunae,
1532 1636 1720 1718 Augustae
1737 1634 1896 1698 Vindeli-

1066 1774 1185 1818 corum
1210 1766 1246 1818 et
1271 1756 1442 1821 Viennae.
1475 1756 1613 1837 Quibus
1637 1756 1798 1819 omnibus
1822 1756 1896 1838 epi-

1065 1897 1196 1957 scopus
1219 1878 1413 1940 Brunensis
1440 1880 1593 1961 gratiam
1619 1879 1740 1942 retulit
1767 1879 1895 1943 iterata

1065 1999 1158 2080 vice,
1186 2019 1265 2062 curn
1289 2000 1524 2063 Benedictum
1551 2021 1643 2063 anno
1672 2005 1750 2064 1853
1781 2001 1895 2064 eonsi-

1066 2122 1164 2184 storii
1200 2122 1395 2184 Brunensis
1432 2122 1668 2185 consiliarium
1706 2122 1893 2204 titularem,

1070 2249 1149 2306 1858
1177 2265 1262 2307 vero
1292 2247 1465 2308 decanum
1490 2246 1726 2308 Rosicensem
1752 2254 1788 2308 et
1812 2245 1894 2307 visi·

1064 2377 1216 2429 tatorem
1238 2368 1436 2430 scholarum
1456 2368 1647 2430 trivialium
1673 2367 1708 2430 in
1731 2367 1894 2429 districtu

1064 2489 1255 2551 Rosicensi
1273 2489 1563 2552 denominaverit.
1588 2490 1712 2571 Neque
1731 2488 1893 2571 ampliori

1064 2611 1198 2673 muneri
1210 2611 1293 2673 huic
1304 2611 1518 2692 praefectus,
1528 2611 1679 2673 Richter
1691 2611 1892 2692 superiores

1064 2752 1147 2795 suos
1157 2733 1891 2815 destituit;-spiritussemperpromptus,

1064 2876 1146 2918 caro
1162 2875 1248 2919 vero
1263 2851 1346 2918 heu!
1369 2856 1472 2918 nimis
1493 2854 1630 2918 infirma
1651 2857 1891 2937 repugnabat;

1065 2978 1246 3041 doloribus
1277 2977 1465 3059 pericardii
1493 2987 1528 3040 et
1555 2977 1712 3058 pectoris
1744 2976 1890 3039 multum

1063 3119 1208 3182 pressus
1223 3099 1355 3163 frustra
1371 3101 1499 3162 iterato
1515 3101 1729 3162 medicorum
1746 3097 1891 3162 consilio

1064 3242 1148 3285 usus
1165 3233 1230 3285 est.
1262 3222 1412 3305 Semper
1434 3223 1469 3284 in
1492 3220 1562 3285 fine
1587 3201 1722 3284 dierum
1749 3239 1891 3282 suorum

1063 3342 1200 3405 infirma
1217 3353 1324 3425 atque
1341 3345 1448 3406 etiam
1465 3363 1574 3427 aegra
1590 3343 1795 3406 valetudine
1815 3351 1891 3404 tan·

1064 3468 1145 3528 dem
1161 3466 1259 3547 oneri
1275 3466 1470 3547 succubuit,
1492 3485 1539 3530 10.
1556 3466 1620 3529 Iul,
1642 3470 1733 3545 1859,
1750 3465 1890 3545 placide

1064 3588 1227 3669 spiritum
1254 3589 1332 3650 Deo
1360 3590 1530 3669 reddens,
1563 3598 1598 3650 et
1629 3607 1694 3669 per
1723 3589 1891 3650 abbatem

1064 3688 1299 3791 Guntherum,
1331 3730 1432 3772 suum
1460 3710 1637 3791 quondam
1669 3708 1916 3789 discipulum,
2007 3705 2010 3709 ’

1064 3853 1141 3895 cum
1163 3832 1285 3894 intimo
1306 3832 1599 3913 parochianorum
1619 3850 1733 3912 aeque
1757 3850 1799 3892 ac
1821 3828 1890 3891 fra·

1062 3965 1153 4017 trum
1182 3965 1217 4016 et
1243 3954 1435 4016 amicorum
1462 3953 1568 4016 animi
1596 3972 1712 4033 sensu,
1739 3954 1890 4014 honesto

1061 4077 1184 4139 funere
1214 4075 1401 4159 Nigrofani
1430 4076 1604 4138 humatur.
1632 4113 1674 4120 -
1704 4075 1890 4137 Benedicti

1061 4199 1212 4261 Richter
1228 4199 1324 4261 vitae
1341 4199 1550 4260 curriculum
1567 4198 1812 4280 ephemerides
1829 4197 1891 4258 ite·

1061 4331 1139 4384 rata
1166 4322 1244 4383 vice
1268 4320 1509 4403 publicarunt,
1537 4320 1606 4382 sic:
1635 4320 1892 4402 „Augsburger

1061 4443 1315 4525 Postzeitung“
1326 4453 1361 4505 et
1372 4441 1498 4525 „Sion“
1509 4462 1601 4505 anno
1612 4446 1688 4520 1841
1694 4491 1703 4523 ,
1716 4442 1890 4524 „Aehren

1062 4566 1156 4627 lese“
1180 4585 1272 4627 anno
1298 4569 1387 4646 1868,
1414 4564 1543 4648 „Hlas“
1565 4564 1733 4626 idiomate
1757 4563 1890 4626 slavico

1063 4706 1155 4749 anno
1169 4691 1248 4765 1859
1263 4698 1328 4749 etc.
1351 4686 1522 4748 Articulis
1537 4704 1621 4748 vero
1634 4685 1752 4765 operis
1765 4683 1890 4746 summi

1063 4808 1168 4889 pretii
1191 4808 1512 4891 ,Biographisches
1528 4806 1707 4870 Lexicon“
1728 4826 1749 4868 a
1766 4805 1891 4867 Wurz-

1063 4932 1155 4992 bach
1171 4930 1256 4992 editi
1272 4931 1442 4992 insertum
1459 4948 1528 4991 non
1545 4928 1707 4991 occurrit.

1149 5068 1271 5150 Opera
1302 5071 1394 5150 eius,
1430 5089 1521 5150 quae
1554 5069 1651 5151 typis
1683 5066 1891 5149 prodierunt

1063 5203 1145 5255 sunt
1161 5193 1361 5273 sequentia:

1150 5320 1171 5375 1.
1194 5319 1278 5376 Rede
1299 5316 1374 5375 iiber
1396 5317 1454 5374 den
1471 5314 1809 5383 Portiuncula·Ablass‚
1836 5334 1889 5390 ge·
1921 5360 1931 5377 .

140 5424 280 5504 plexus
304 5429 375 5504 est,
403 5440 529 5483 munus
553 5421 666 5483 curati
689 5421 983 5484 administratoris
1021 5384 1024 5489 i
1063 5425 1162 5480 halten
1184 5427 1213 5482 in
1229 5424 1282 5481 der
1299 5423 1410 5480 Kirche
1426 5422 1480 5479 der
1496 5423 1667 5498 Kapuziner
1682 5440 1717 5477 zu
1733 5422 1834 5477 Brenn
1850 5423 1889 5476 im
