4222 6106
928 474 1193 536 —XIV-

196 701 231 763 in
254 674 373 782 Stiria,
398 720 424 762 s.
443 699 546 761 Pauli
556 701 589 782 ¹),
612 699 823 762 Milstatium
832 700 866 780 ²),
890 698 1228 778 Arnoldsteinium³)
1254 698 1289 760 in
1314 697 1504 779 Carinthia,
1528 698 1558 760 F
1561 699 1714 761 iechtum
1724 700 1759 781 ⁴),
1782 700 1934 763 Mariae-

196 849 401 900 montanum
410 838 444 919 ⁵),
469 837 676 900 Tridentum
686 834 709 918 ⁶)
734 836 769 898 in
793 835 913 899 Tiroli.

326 976 376 1038 Ut
400 996 493 1038 nova
515 976 565 1038 ita
589 977 695 1038 etiam
711 985 835 1038 vetera
858 975 1074 1037 monasteria
1089 994 1233 1038 munere
1250 975 1318 1038 sibi
1335 975 1455 1038 delato
1472 975 1662 1058 diligenter
1678 976 1930 1059 fungebantur.

194 1117 302 1178 Velut
326 1117 488 1179 monachi
512 1114 805 1197 Salisburgenses
821 1114 993 1177 Friderici
1010 1114 1269 1197 archiepiscopi
1285 1115 1480 1206 (958-990)
1505 1112 1679 1177 beneficio
1701 1114 1829 1178 florere
1853 1135 1933 1178 coe-

195 1266 334 1336 perunt.
379 1254 448 1317 Hic
472 1274 622 1337 magnus
646 1255 709 1336 vir,
734 1264 923 1336 postquam
948 1254 982 1316 in
1007 1255 1148 1316 domum
1172 1272 1286 1335 paene
1304 1254 1484 1317 desertam
1500 1273 1613 1316 novos
1629 1255 1763 1317 incolas
1780 1255 1931 1337 induxit,

196 1394 371 1476 dignitate
395 1393 566 1455 abbatiali
591 1395 637 1454 ab
661 1392 867 1474 episcopali,
892 1412 985 1474 quae
1003 1412 1049 1454 ex
1065 1401 1224 1473 tempore
1241 1412 1269 1455 s.
1286 1392 1442 1473 Ruperti
1459 1393 1670 1456 coniunctae
1694 1402 1804 1476 erant,
1828 1414 1932 1477 sepa-

195 1543 273 1596 rata
297 1532 461 1595 Titonem
485 1532 728 1614 praepositum
753 1533 926 1595 ecclesiae
950 1551 1037 1594 suae
1061 1532 1275 1595 cathedralis
1302 1531 1473 1594 fratribus
1500 1531 1686 1612 praefecit.
1731 1533 1853 1614 Atque
1882 1533 1931 1595 ita

195 1672 341 1753 antiqua
363 1673 452 1734 haec
477 1670 585 1753 stirps
609 1670 741 1734 ordinis
765 1671 866 1734 brevi
889 1681 1049 1754 tempore
1073 1680 1174 1734 tanta
1197 1671 1415 1733 incrementa
1439 1671 1545 1752 cepit,
1569 1679 1608 1732 ut
1624 1690 1703 1733 cum
1719 1670 1800 1734 Tito
1817 1673 1930 1733 abbas

194 1830 213 1872 e
237 1810 312 1872 vita
336 1811 527 1871 excederet
552 1811 671 1888 (1005),
696 1810 857 1871 monachi
880 1828 950 1871 non
974 1809 1089 1871 minus
1106 1809 1343 1891 quadraginta
1366 1828 1456 1870 unus
1477 1818 1608 1889 essent,
1633 1807 1667 1870 in
1685 1808 1814 1889 quibus
1830 1831 1929 1873 mens

194 1959 229 2012 et
253 1949 308 2010 vis
332 1968 359 2010 s.
384 1946 573 2011 Benedicti
595 1948 767 2030 spirabat.
805 1949 884 2011 Hac
908 1957 1026 2011 mente
1049 1948 1175 2010 imbuti
1197 1947 1326 2010 fratres
1350 1956 1513 2027 tempora
1536 1949 1755 2029 turbulenta,
1780 1951 1930 2030 quaein

193 2088 281 2150 rixis
304 2087 396 2150 inter
419 2089 607 2151 ecclesiam
635 2099 671 2151 et
694 2087 879 2171 imperium
912 2087 1099 2150 concitatis
1126 2097 1274 2169 propter
1303 2086 1410 2149 fidem
1442 2106 1578 2149 summo
1609 2087 1812 2168 pontificia
1836 2088 1932 2151 Geb-

193 2229 304 2290 hardo
328 2240 363 2290 et
387 2226 581 2289 Thiemone
605 2227 884 2308 archiepiscopis
908 2237 1086 2289 servatam
1110 2226 1231 2289 -hic
1255 2225 1348 2288 enim
1377 2235 1483 2287 antea
1511 2227 1625 2288 abbas
1656 2228 1702 2288 ad
1733 2247 1761 2290 s.
1785 2228 1930 2290 Petrum

193 2366 319 2446 fuerat,
344 2402 387 2412 -
410 2362 620 2446 Salisburgo
644 2365 868 2447 ingruebant,
892 2365 1032 2427 fortiter
1060 2373 1097 2427 et
1125 2375 1331 2427 constanter
1353 2366 1586 2446 pertulerunt.
1630 2366 1778 2428 'shiemo
1807 2368 1931 2448 abbas,

194 2524 272 2567 cum
296 2503 501 2584 Bertholdo,
527 2502 587 2584 qui
610 2503 955 2587 archiepiscopatum
979 2503 1046 2565 sibi
1070 2505 1272 2586 arrogabat,
1296 2503 1402 2565 fidem
1419 2505 1626 2584 promittere
1643 2505 1869 2586 detrectaret,
1895 2517 1930 2569 et

193 2664 272 2707 cum
296 2643 369 2706 suis
393 2642 573 2705 monachis
598 2652 803 2706 constanter
826 2663 970 2707 causam
987 2643 1171 2706 Gebhardi
1185 2643 1337 2726 legitimi
1359 2643 1536 2724 praesulis
1560 2644 1676 2723 patria
1692 2645 1785 2725 pulsi
1802 2664 1928 2726 seque-

192 2794 298 2864 retur,
322 2783 551 2864 Hirsaugiam
568 2783 761 2865 confugere
778 2791 923 2845 coactus
942 2793 1006 2862 est,
1030 2781 1091 2843 ubi
1114 2782 1322 2844 societatem
1339 2780 1702 2863 coniunctionemque,
1728 2801 1819 2863 quae
1839 2782 1931 2845 inter

192 2924 259 2984 hoc
284 2930 369 2985 ets.
393 2922 491 2984 Petri
515 2922 766 2983 monasterium
791 2931 877 3001 erat,
901 2921 1098 2985 renovavit.
1137 2918 1320 3001 Similiter,
1353 2940 1432 2982 cum
1460 2917 1652 2982 Gebhardo
1683 2929 1822 2983 mortuo
1850 2921 1927 3002 ipse

192 3060 481 3142 archiepiscopus
504 3070 645 3122 creatus
667 3069 771 3139 esset,
795 3059 948 3122 fideliter
968 3061 1076 3122 rebus
1098 3058 1271 3121 ecclesiae
1292 3060 1460 3121 studebat
1481 3077 1597 3139 neque
1619 3068 1680 3121 aut
1695 3058 1846 3121 vinculis
1866 3071 1928 3123 aut

192 3199 463 3262 comminatione
487 3198 610 3261 mortis
638 3219 659 3261 a
688 3199 888 3262 constantia
919 3219 984 3261 sua
1016 3199 1272 3261 deterrebatur.
1320 3197 1480 3259 Eandem
1509 3197 1616 3259 animi
1646 3198 1926 3280 magnitudinem

192 3338 299 3401 etiam
322 3337 485 3400 monachi
507 3358 594 3419 prae
619 3358 657 3400 se
681 3337 845 3399 ferebant
860 3338 901 3417 7).’

321 3625 342 3706 ι)
367 3628 581 3683 Monasterium
610 3626 818 3702 Sanpaulense
849 3623 888 3680 ab
920 3624 1107 3699 Engelberto
1132 3625 1168 3681 II.
1203 3627 1313 3681 comite
1343 3624 1381 3680 de
1413 3622 1595 3700 Spannheim
1627 3624 1779 3681 conditum
1811 3628 1925 3699 primos

192 3741 355 3796 monachos
379 3738 417 3794 ab
441 3740 604 3814 Hirsaugia
626 3742 745 3815 accepit
768 3758 823 3814 per
846 3737 965 3794 beatum
990 3736 1180 3793 Guilielmum
1204 3735 1353 3804 abbatem,
1378 3739 1429 3811 qui
1454 3737 1641 3793 Wezilonem
1672 3756 1738 3793 cum
1767 3738 1923 3795 duodecim

189 3852 344 3907 monachis
373 3865 448 3925 1091
477 3870 514 3907 eo
539 3853 627 3907 misit.

318 3976 341 4056 2)
364 3980 536 4036 Milstatium
561 3979 714 4036 Salvatori
739 3981 838 4037 mundi
862 3993 1070 4037 consecratum
1094 3977 1133 4036 ab
1156 3976 1280 4035 Arbone
1304 3982 1413 4035 comite
1436 3980 1573 4036 Palatino
1594 3981 1740 4037 Bavariae
1769 3995 1849 4037 1100
1866 3984 1923 4037 cir-

189 4094 263 4148 citer
287 4092 439 4148 conditum
463 4105 518 4148 est.
558 4094 674 4148 Primos
698 4093 812 4149 incolas
836 4112 873 4149 ex
897 4094 1080 4149 monasterio
1102 4091 1427 4149 Altahensi-lnferiore
1451 4094 1610 4168 accepisse
1633 4092 1751 4150 dicitur.
1787 4093 1922 4151 Ankers-

188 4204 287 4271 bolen,
313 4203 497 4261 Geschichte
521 4223 580 4261 von
605 4207 750 4273 Karnten
775 4207 811 4261 11.
837 4221 865 4262 2.

316 4334 339 4412 ³)
363 4335 619 4392 Arnoldsteinium
643 4354 667 4391 s.
692 4333 830 4409 Georgio
854 4334 1023 4391 dedicatum
1052 4347 1131 4407 1107
1157 4331 1195 4391 ab
1219 4334 1333 4390 Ottone
1357 4337 1504 4409 episcopo
1529 4333 1744 4409 bambergensi
1769 4336 1919 4392 conditum

187 4462 242 4505 est.
282 4450 370 4504 Primi
396 4449 533 4506 monachi
557 4466 594 4503 ex
618 4449 801 4504 monasterio
825 4467 849 4503 s.
874 4447 1030 4504 Michaelis
1054 4446 1270 4522 Bambergensi
1294 4449 1413 4503 venisse
1437 4447 1583 4504 dicuntur.
1615 4446 1827 4504 Ankersholen
1852 4449 1869 4503 l.
1896 4468 1921 4504 c.

316 4575 338 4656 ⁴)
362 4579 497 4634 Fichtum
522 4591 573 4633 aut
597 4597 682 4634 mons
706 4597 729 4634 s.
748 4577 875 4652 Georgii
901 4577 1052 4634 conditum
1077 4592 1123 4634 est
1139 4597 1156 4633 a
1173 4578 1360 4653 Reginberto
1377 4580 1524 4654 episcopo
1542 4579 1689 4645 Brixensi,
1714 4580 1764 4653 qui
1783 4582 1923 4636 eremitas

185 4711 240 4768 per
271 4704 401 4747 montem
433 4710 457 4747 s.
482 4690 608 4764 Georgii
640 4676 797 4766 dispersos
828 4691 856 4745 in
889 4709 977 4745 unum
1010 4708 1120 4765 corpus
1152 4692 1305 4746 coniunxit
1336 4692 1440 4764 eisque
1471 4688 1692 4766 approbatione
1721 4689 1800 4762 1138
1826 4692 1923 4748 Roma

185 4818 290 4860 secuta
321 4804 454 4878 regulam
480 4823 504 4859 s.
528 4802 681 4859 Benedicti
713 4805 920 4879 praescripsit.
970 4801 1050 4875 1706
1074 4804 1132 4859 hoc
1157 4805 1370 4860 monasterium
1398 4817 1504 4878 quater
1533 4806 1602 4878 igne
1631 4803 1761 4860 deletum
1792 4807 1821 4860 in
1852 4807 1921 4861 rico

185 4889 272 4972 Ficht
295 4916 484 4973 aedificatum
509 4929 565 4972 est.
597 4914 730 4984 Statiler,
756 4917 819 4972 Das
843 4915 988 4972 deutsche
1012 4916 1040 4971 T
1043 4916 1099 4972 irol
1123 4916 1182 4971 und
1205 4915 1402 4990 Vorarlberg‚
1428 4917 1450 4972 l.

313 5044 336 5124 5)
359 5048 574 5103 hlonasterium
598 5046 885 5102 Mariaemontanum
913 5060 994 5120 1090
1017 5045 1056 5103 ab
1079 5045 1259 5103 Eberhardo
1283 5045 1320 5103 de
1341 5046 1463 5122 Tarasp
1487 5045 1618 5103 Schulsii
1642 5049 1670 5102 in
1694 5047 1919 5122 Unterengadin

184 5158 335 5214 conditum
360 5172 414 5215 est.

313 5284 336 5367 6)
360 5290 427 5347 Hoc
452 5293 664 5347 monasterium
688 5312 712 5348 s.
738 5292 904 5347 Laurentio
933 5289 1102 5346 dedicatum
1134 5291 1190 5345 iam
1222 5289 1345 5346 saeculo
1374 5291 1504 5364 septimo
1528 5285 1563 5368 (Ρ)
1587 5301 1685 5346 ortum
1710 5309 1778 5347 esse
1802 5289 1918 5346 dicitur.

314 5416 336 5496 7)
360 5419 531 5477 Chronicon
555 5423 751 5478 novissimum
777 5433 904 5478 monast.
930 5442 953 5479 s.
978 5422 1058 5478 Petri
1083 5417 1336 5494 Salisburgensis.
