4222 6106
918 469 1200 537 -117-

221 650 305 738 Opus
324 660 385 722 hoc
410 658 484 720 suis
507 658 674 740 auspiciis
698 668 863 741 coeptum
884 667 920 719 et
939 677 1019 738 per·
1057 655 1061 743 l
1099 674 1169 736 cra,
1178 653 1260 718 dein
1271 652 1413 716 officina
1425 655 1761 720 medicamentorum
1774 668 1811 721 et
1821 668 1926 741 typo-

210 771 329 845 fectum
351 790 406 844 est
424 780 601 863 inprimis
622 801 732 863 opera
748 781 850 844 Pauli
866 781 1019 843 Ketten·

199 903 305 966 acher
318 912 352 966 et
367 902 514 965 consilio
530 903 707 966 seniorum
722 913 864 985 patrum
883 923 904 965 a
924 901 1019 982 capi·

192 1026 277 1088 tulo
292 1024 542 1106 delegatorum.
566 1025 612 1087 Et
631 1024 718 1087 istas
739 1024 1019 1105 constitutiones,

186 1146 414 1229 praefatione
438 1166 460 1209 a
479 1165 518 1209 se
539 1147 674 1228 scripta
692 1147 846 1210 munitas
870 1156 905 1209 et
928 1144 1020 1208 iuste

182 1269 451 1355 promulgataS,
475 1280 515 1331 ut
537 1289 658 1332 omnes
682 1268 868 1332 reverendi
888 1276 1019 1350 patres,

178 1391 320 1458 fratres
335 1390 456 1453 clerici
471 1400 509 1453 et
522 1391 651 1454 fratres
664 1390 825 1454 conversi
841 1393 933 1453 bene
949 1408 1021 1451 ser·

183 1524 329 1595 vatent,
352 1521 427 1575 tum
448 1532 514 1595 per
534 1514 707 1576 decanum
728 1521 924 1575 conventus
947 1521 1021 1573 tum

187 1640 276 1720 ipse
292 1645 436 1698 strenue
458 1634 601 1717 quidem
624 1636 688 1699 sed
708 1644 858 1716 paterno
881 1654 1022 1716 semper

189 1754 323 1825 affectu
336 1758 495 1820 curabat.
508 1757 620 1821 Porro
633 1756 909 1821 haereditarium
922 1776 1022 1819 acce-

198 1890 299 1968 perat
320 1899 489 1962 magnum
512 1900 573 1943 aes
596 1881 764 1954 alienum;
788 1882 901 1943 abbas
924 1880 1023 1942 nimi-

201 2019 278 2067 rum
303 2000 524 2066 Coelestinus
554 2016 629 2065 tum
661 2012 809 2085 propter
842 2003 926 2065 belli
962 2021 1024 2064 ex-

206 2123 369 2206 actiones,
392 2125 641 2188 rebellantium
663 2125 1023 2188 Hauensteinensium

212 2247 375 2328 tumultus,
392 2255 467 2309 tum
482 2246 519 2308 in
535 2266 665 2309 novum
681 2247 932 2310 monasterium
948 2268 970 2309 a
985 2266 1023 2309 se

202 2347 416 2462 ‘exstructum
432 2369 574 2451 aliaque
592 2369 874 2432 extraordinaria
891 2388 1024 2452 expen-

212 2504 248 2547 sa
265 2508 365 2571 supra
386 2490 507 2553 decies
524 2501 675 2553 centena
690 2490 798 2553 millia
813 2489 1024 2552 florenorum

208 2613 400 2691 expendere
413 2613 579 2675 debebat.
597 2613 723 2674 Abbas
735 2612 909 2675 Martinus
926 2622 1024 2674 ante·

205 2746 375 2797 cessorum
398 2734 522 2797 honori
551 2744 587 2797 et
614 2735 664 2796 rei
688 2734 904 2797 domesticae
930 2735 1024 2796 bono

205 2857 379 2920 consulere
399 2858 535 2939 volens,
556 2857 678 2940 primis
703 2830 822 2921 statim
843 2857 1027 2940 regiminis

204 2977 303 3041 annis
315 2998 422 3062 supra
437 2980 619 3043 dimidium
631 2980 723 3042 aeris
735 2980 841 3043 alieni
854 2980 1024 3059 dissolvit,

204 3106 363 3165 ettamen
371 3103 487 3165 adhuc
499 3102 680 3185 ingentem
692 3102 921 3185 pecuniarum
934 3122 1025 3165 sum·

206 3236 297 3284 marn
310 3223 342 3286 in
356 3244 450 3287 nova
462 3222 625 3287 aedificia
638 3227 854 3288 exstruenda
866 3225 1023 3288 contulit.

206 3336 331 3406 Verum
346 3346 420 3408 dies
438 3351 488 3409 23.
506 3346 568 3410 Iul.
590 3342 683 3409 'anno
705 3351 784 3426 1768
806 3346 976 3409 coenobio
997 3366 1023 3410 s.

206 3457 313 3528 Blasii
338 3467 567 3549 irreparabile
597 3468 672 3531 fere
700 3470 865 3531 damnum
892 3469 1023 3545 intulit;

207 3596 292 3659 post
302 3589 413 3653 horam
430 3590 563 3673 quippe
579 3591 800 3653 undecimam
814 3592 870 3654 die
883 3593 1024 3655 sabbati

207 3698 237 3762 i¹1
257 3726 360 3787 parva
375 3714 463 3776 turri
485 3714 610 3776 aulaeo
632 3724 828 3778 conventus
848 3716 1023 3797 imposita,

204 3838 347 3906 repente
359 3835 454 3919 ignis
470 3836 641 3918 prorupit,
662 3847 699 3899 et
713 3836 821 3900 flante
837 3848 958 3900 austro
973 3838 1024 3900 in-

204 3953 361 4019 credibili
376 3958 558 4021 celeritate
574 3967 670 4021 tecta
685 3959 796 4022 totius
811 3961 1023 4042 monasterii,

201 4072 369 4141 ecclesiae
386 4090 423 4142 et
440 4080 607 4143 abbatiae
624 4081 674 4143 ita
690 4082 893 4164 consumsit,
915 4093 954 4145 ut
975 4083 1024 4145 in-

199 4189 266 4248 tra
285 4205 343 4262 tres
357 4203 403 4264 ad
419 4221 592 4264 summurn
613 4204 718 4265 horas
738 4224 808 4266 non
832 4205 901 4267 ista
921 4225 1025 4287 gran-

199 4300 275 4371 dia
288 4327 410 4386 tantum
426 4323 599 4405 aedificia,
620 4327 683 4387 sed
708 4336 744 4388 et
764 4327 960 4408 pistrinum,
977 4329 1026 4391 la-

199 4421 310 4503 niem
331 4456 366 4508 et
388 4443 591 4509 officialium
623 4449 693 4509 duo
719 4448 922 4511 habitacula
952 4449 1026 4531 igni

200 4557 354 4630 praedae
372 4568 551 4630 cederent.
581 4569 622 4630 In
641 4568 784 4632 tertium
800 4590 913 4652 usque
934 4570 1041 4633 diem

204 4678 430 4772 conflagratio
442 4690 659 4772 perduravit,
677 4691 864 4772 omniaque
881 4692 947 4754 sibi
965 4695 1025 4754 ob-

208 4786 275 4860 via
290 4812 507 4894 consumpsit,
525 4831 616 4894 quae
632 4833 702 4875 non
718 4814 824 4875 celeri
844 4813 931 4897 fuga
951 4814 1026 4877 eius

215 4898 311 4992 furori
337 4933 499 4996 subtrahi
534 4942 710 5014 poterant.
749 4935 807 4997 Ad
838 4955 1026 5016 vesperam

220 5024 304 5114 huius
328 5055 397 5124 diei
424 5056 587 5138 lugubris
614 5057 794 5119 monachis
822 5077 888 5120 nec
914 5060 1027 5121 lectus

228 5173 277 5230 nec
288 5184 414 5240 tectum
434 5177 619 5260 superfuit,
644 5177 713 5240 imo
734 5199 799 5241 nec
819 5179 932 5260 panis,
957 5200 1027 5260 quo

228 5278 328 5360 famem
339 5300 517 5362 sedarent.
541 5298 810 5363 Sanctissimum
822 5301 892 5364 cito
908 5322 1027 5364 serva·

226 5419 292 5493 tum3
306 5434 449 5485 servata
465 5422 572 5486 etiam
585 5435 667 5487 sunt
679 5425 860 5506 complura
874 5444 959 5486 vasa
973 5444 1027 5485 sa·

1099 776 1259 858 graphia,
1275 776 1448 839 aerarium
1461 779 1612 861 abbatis,
1625 780 1816 863 archivum,
1828 801 1926 843 num·

1099 899 1369 980 mophylaceum
1390 909 1426 961 et
1446 899 1682 964 bibliothecae
1703 901 1765 964 vix
1789 902 1927 965 decima

1100 1040 1193 1103 pars,
1207 1030 1350 1083 caetera
1361 1020 1478 1083 omnia
1490 1021 1639 1085 flammis
1652 1026 1824 1087 absumta.
1842 1024 1927 1085 Ter·

1100 1162 1178 1205 rore
1205 1141 1330 1204 animis
1357 1162 1508 1205 excusso
1515 1193 1524 1225 ,
1551 1145 1752 1226 superiores
1777 1145 1927 1227 primum

1101 1264 1289 1346 agitabant
1304 1275 1431 1347 mente,
1449 1266 1509 1347 qui
1522 1268 1665 1330 tandem
1682 1278 1735 1332 tot
1746 1269 1929 1332 confratri·

1100 1388 1168 1449 bus
1183 1387 1337 1467 hospitia
1352 1387 1591 1468 providerent.
1609 1388 1696 1453 Cum
1711 1391 1929 1473 sapientissi-

1102 1530 1195 1572 mum
1226 1508 1367 1571 abbatis
1398 1510 1596 1593 consilium,
1628 1532 1674 1574 ex
1705 1533 1774 1595 quo
1805 1515 1929 1576 saltem

1103 1631 1288 1693 duodecim
1315 1633 1515 1714 presbyteri
1539 1634 1696 1697 Blasiani
1723 1655 1802 1697 cum
1826 1656 1931 1717 supe-

1102 1753 1193 1815 riore
1220 1753 1255 1816 in
1282 1755 1455 1817 asceterio
1479 1757 1620 1838 Augiae
1649 1757 1769 1820 divitis
1792 1761 1931 1842 regula-

1101 1895 1175 1938 rem
1191 1876 1301 1938 vitam
1318 1878 1364 1938 ad
1380 1896 1494 1939 mores
1510 1878 1696 1941 Blasianos
1718 1882 1930 1943 adcomoda-

1103 2008 1174 2060 tam
1198 1999 1460 2081 continuarent,
1489 2000 1658 2081 episcopo
1682 2001 1834 2083 quidem,
1861 2023 1931 2066 non

1103 2129 1221 2182 autem
1234 2120 1352 2182 curiae
1364 2120 1626 2185 Constantiensi
1639 2124 1823 2205 placuerit,
1841 2145 1931 2206 quae

1103 2242 1223 2305 nescio
1237 2243 1321 2324 quid
1334 2243 1378 2304 de
1392 2243 1563 2306 eiusmodi
1576 2245 1821 2308 Blasianorum
1838 2249 1930 2309 colo-

1104 2365 1162 2426 nia
1178 2365 1336 2446 timebat,
1354 2375 1521 2447 quattuor
1536 2377 1673 2431 tantum
1689 2369 1770 2432 illuc
1787 2370 1929 2452 dimissi,

1103 2489 1223 2569 plures
1246 2488 1281 2550 in
1301 2490 1523 2551 monasteriis
1538 2490 1821 2576 Rhenaugiensi,
1846 2495 1932 2557 Zwi·

1103 2609 1270 2691 fuldensi,
1298 2608 1571 2694 San-Gallensi,
1599 2613 1850 2698 Einsiedlensi,
1876 2617 1933 2679 Fi·

1103 2733 1306 2815 schingensi
1328 2742 1410 2795 ets.
1433 2734 1531 2797 Petri
1552 2733 1816 2820 Salisburgensi
1837 2739 1930 2802 omni

1104 2855 1262 2917 caritatis
1278 2854 1395 2917 officio
1413 2857 1555 2937 excepti
1571 2868 1663 2922 sunt.
1688 2857 1853 2923 Seniores
1870 2882 1931 2942 pa-

1104 2988 1177 3040 tres
1205 2988 1241 3040 et
1263 2976 1391 3039 fratres
1415 2980 1577 3042 conversi
1599 2981 1779 3044 meliorem
1802 2993 1932 3047 sortem

1104 3101 1199 3164 nacti
1221 3110 1312 3182 sunt,
1336 3100 1371 3162 in
1392 3103 1648 3182 praeposituris
1668 3124 1695 3167 S.
1713 3105 1823 3167 Blasii
1838 3107 1931 3169 aliis·

1105 3243 1173 3305 que
1198 3224 1360 3286 domibus
1384 3226 1564 3287 extraneis
1581 3238 1847 3291 commorantes.
1872 3229 1931 3291 Ad

1104 3347 1232 3408 rudera
1252 3365 1279 3407 s.
1301 3345 1411 3408 Blasii
1433 3365 1545 3427 penes
1571 3348 1802 3412 celsissimum
1822 3352 1931 3413 abba·

1104 3477 1175 3530 tem
1199 3468 1444 3531 subsistebant
1463 3467 1503 3533 P.
1530 3470 1701 3551 decanus,
1727 3472 1930 3534 cellerarius

1105 3591 1259 3673 Magnus
1280 3591 1410 3672 aliique
1432 3591 1546 3674 pauci,
1569 3593 1628 3674 qui
1651 3594 1873 3674 parochianis
1897 3596 1931 3657 in

1104 3715 1234 3777 sacello
1258 3734 1284 3776 s.
1307 3714 1492 3777 Michaelis
1516 3725 1618 3777 extra
1646 3735 1762 3778 muros
1785 3718 1843 3779 vel
1866 3721 1932 3780 sub

1105 3837 1162 3898 dio
1178 3836 1435 3917 praedicabant
1447 3846 1483 3899 et
1496 3837 1652 3899 divinum
1664 3837 1817 3901 officium
1830 3859 1932 3920 pera-

1104 3960 1247 4041 gebant.
1272 3958 1494 4021 Habitabant
1509 3959 1544 4020 in
1561 3960 1664 4021 domo
1681 3962 1880 4024 cancellarii
1897 3973 1933 4026 et

1105 4078 1305 4142 officialium
1322 4080 1535 4142 monasterii.

1192 4203 1244 4264 At
1271 4222 1353 4264 mox
1380 4202 1533 4265 animum
1562 4203 1691 4266 adiecit
1719 4204 1933 4268 celsissimus

1106 4324 1274 4406 princeps
1299 4325 1344 4385 ad
1369 4324 1607 4406 instauranda,
1632 4326 1841 4406 quantocius
1857 4325 1932 4388 fieri

1106 4454 1242 4526 posset,
1268 4447 1455 4508 devastata
1477 4445 1652 4521 aedificia;
1677 4448 1831 4510 consiliis
1853 4468 1933 4510 con·

1105 4567 1186 4629 latis
1210 4587 1288 4630 cum
1312 4568 1515 4630 architectis
1539 4578 1575 4630 et
1598 4569 1682 4630 viris
1705 4588 1820 4631 rerum
1843 4571 1934 4650 peri·

1106 4689 1161 4771 tis,
1183 4699 1358 4770 auctoque
1379 4690 1619 4771 operariorum
1640 4711 1784 4753 numero
1800 4690 1932 4753 factum

1107 4821 1175 4892 est,
1208 4821 1248 4873 ut
1277 4812 1443 4874 abbatiae
1481 4821 1516 4875 et
1548 4813 1709 4875 coenobii
1740 4814 1850 4875 moles
1883 4814 1933 4874 in-

1107 4944 1161 4995 tra
1185 4942 1336 5014 quatuor
1356 4953 1467 4996 annos
1487 4954 1580 4996 novo
1601 4936 1790 5015 splendore
1811 4954 1933 4997 exsur-

1107 5062 1218 5136 geret,
1229 5063 1264 5117 et
1273 5056 1386 5117 abbas
1399 5056 1467 5119 iam
1479 5065 1669 5119 auctumno
1681 5057 1763 5118 anni
1780 5076 1856 5136 1771
1873 5058 1934 5119 ab·

1070 5234 1074 5241 .
1106 5177 1238 5239 batiam
1273 5176 1488 5259 inhabitare,
1521 5188 1557 5240 et
1586 5179 1747 5241 monachi
1782 5179 1934 5260 dispersi

1106 5310 1295 5362 auctumno
1313 5297 1448 5384 1772fad
1461 5301 1570 5362 aedes
1587 5320 1670 5363 suas
1683 5301 1798 5363 redire
1811 5310 1935 5383 potue-

1106 5422 1184 5485 rint.
1201 5421 1292 5484 Illud
1304 5441 1391 5484 vero
1406 5422 1541 5485 aerario
1555 5421 1811 5488 San-Blasiano
1823 5444 1934 5507 grave
