4222 6106
897 477 1183 547 „529-

165 687 326 731 auctorum
343 674 380 730 ad
394 672 559 729 studiosam
575 673 758 727 iuventutern
772 671 885 744 pietate
899 669 1002 722 61111-

1082 662 1334 745 geographicis
1352 671 1387 723 et
1402 660 1578 723 historicis
1600 681 1666 722 nec
1687 680 1756 721 non
1776 660 1911 722 littera-

167 794 232 835 tute
246 775 647 835 excollendam“.—Ueber
662 774 860 830 denEinssuss
875 772 928 828 des
946 773 1001 826 alt·
1040 775 1044 862 1
1082 805 1157 847 rum
1175 783 1467 846 Germanicarum
1484 783 1636 864 vacavit,
1655 784 1700 843 ab
1717 802 1809 844 anno
1831 788 1886 861 187
1891 806 1910 861 4

165 883 358 938 klassischen
379 880 535 937 Studiums
561 880 613 935 aul
634 877 919 952 religios-sittliche
943 875 1001 932 Bil-

166 988 251 1061 duug
278 987 333 1043 der
359 985 551 1042 studirenden
578 984 704 1059 Jugend.
737 984 916 1055 Programm
946 981 1001 1035 des

167 1090 383 1165 Gymnasiums
408 1109 444 1145 zu
468 1089 589 1144 Klattau
618 1087 708 1159 1853.
739 1086 878 1150 Klattau‚
910 1083 1000 1155 1853.

169 1194 313 1251 Biblioth.
330 1195 448 1250 Emaut.
467 1196 563 1249 minor
578 1193 645 1248 XII.
667 1206 691 1248 1.
710 1206 739 1262 3.

257 1305 448 1378 Zechner
483 1315 718 1376 Norbertus
758 1310 1002 1394 (Lamberti-

168 1433 270 1513 nus),
287 1443 392 1494 natus
410 1441 465 1493 est
476 1432 511 1492 in
524 1430 713 1493 Trofaiach
727 1428 870 1510 Styriae
882 1432 910 1489 6.
924 1425 1002 1490 Oct.

172 1559 266 1616 1851.
292 1552 440 1617 Sacrum
456 1552 589 1614 ordinis
602 1550 828 1614 Benedictini
843 1549 1004 1612 habiturn

168 1667 285 1730 induit
297 1687 324 1745 7.
335 1665 435 1747 Sept.
449 1670 527 1744 1872
540 1664 575 1726 in
584 1664 799 1726 monasterio
812 1664 858 1724 ad
869 1662 1004 1724 516111-

168 1792 311 1851 bertum
327 1789 363 1850 in
379 1785 510 1870 Styria,
534 1786 594 1847 ubi
616 1794 703 1847 vota
728 1784 902 1866 simplicia
924 1802 1004 1864 pro-

168 1911 287 1972 fessus
311 1918 366 1971 est
388 1910 513 1970 eodem
539 1908 595 1969 die
616 1907 799 1987 sequentis
820 1905 912 1985 anni,
936 1905 1004 1966 sol-

169 2032 302 2094 lemnia
318 2050 404 2092 vero
423 2051 472 2108 19.
490 2028 590 2109 Sept.
613 2034 703 2109 1876,
720 2039 921 2109 postquam,
943 2029 1004 2088 ab·

170 2152 297 2215 solutis
320 2151 447 2214 studiis
471 2149 682 2232 theologicis
705 2149 835 2231 partim
858 2149 893 2210 in
910 2148 1003 2210 univ.

171 2273 370 2337 Graecensi
394 2272 524 2353 partim
548 2271 583 2333 in
608 2271 823 2333 monasterio
848 2272 1004 2332 Admon-

169 2396 277 2476 tensi,
306 2395 376 2456 iam
399 2403 507 2455 antea
535 2396 597 2475 (17.
624 2393 709 2473 Apr.
736 2393 827 2473 1876)
853 2392 1004 2472 primurn

171 2518 249 2579 Deo
272 2515 485 2579 sacrificium
505 2515 620 2577 laudis
644 2515 771 2576 obtulit
794 2514 829 2574 in
854 2513 1004 2575 ecclesia

170 2630 283 2711 ipsius
296 2628 511 2692 monasterii.
536 2628 676 2690 Exinde
688 2627 849 2709 fungitur
861 2644 1004 2688 munere

170 2750 433 2813 bibliothecarii
446 2751 481 2811 in
495 2749 719 2811 monasterio.
742 2750 800 2810 Ab
814 2767 906 2809 anno
924 2753 1002 2826 1877

170 2873 317 2952 insuper
340 2882 535 2952 occupatur
558 2892 628 2951 qua
650 2871 823 2952 magister
844 2870 880 2931 in
903 2889 1005 2951 gym-

172 2995 271 3056 nasio
304 2994 445 3075 privato
477 2992 681 3054 monasterii
706 2991 938 3073 Lambertini,
970 2999 1006 3053 et

177 3120 256 3195 1878
270 3114 498 3197 praefectura
511 3114 696 3175 convictus
713 3113 780 3195 ipsi
797 3114 927 3175 collata
940 3123 1004 3175 est.

257 3236 372 3318 Typis
389 3237 502 3298 dedit:

259 3363 319 3417 Zur
352 3361 535 3417 Geschichte
567 3361 621 3416 der
650 3359 945 3415 Franzoseneinsalle
977 3362 1006 3416 in

169 3465 359 3524 Steiermark
375 3468 427 3521 mit
444 3464 632 3521 besonderer
651 3465 817 3520 Rdcksicht
833 3464 887 3520 aul
895 3465 1005 3520 Maria·

168 3570 236 3626 zell.
262 3565 338 3646 (1.6.
360 3569 407 3624 De
428 3568 635 3624 invasionibus
652 3569 676 3623 F
679 3567 960 3624 rauco-Gallorum
976 3571 1006 3624 in

166 3671 304 3748 Styriam
322 3692 387 3728 cum
404 3673 528 3748 speciali
546 3685 687 3747 respectu
708 3673 745 3727 ad
766 3673 921 3745 regionem
938 3673 1006 3729 Cel-

166 3774 309 3854 lensem.)
325 3775 357 3833 S.
376 3774 559 3832 Steirischer
574 3776 828 3840 Volkskalender.
852 3793 881 3849 9.
902 3776 1005 3850 Jahrg.

165 3881 263 3948 Graz‚
287 3878 378 3952 1879.
399 3887 442 3952 4⁰.
466 3900 494 3956 p.
513 3878 651 3952 53-64.
675 3881 746 3955 Ipse
770 3898 903 3954 quoque,
928 3898 1006 3955 quae

165 3985 388 4041 monasterium
420 3982 646 4040 Lambertinum
679 3996 822 4057 tangunt,
853 3987 1005 4058 praesenti

165 4089 258 4166 operi
284 4087 321 4143 de
344 4086 545 4164 scriptoribus
567 4107 596 4144 ο.
620 4107 644 4144 s.
663 4089 695 4144 B.
720 4090 836 4163 imperii
855 4087 1005 4144 Austriaci

166 4194 309 4251 inseruit.

259 4302 1005 4397 ZieglerAdalbertus(Cremifanen-

167 4432 260 4513 sis),
286 4440 393 4493 antea
412 4431 575 4512 IoanneS,
599 4430 812 4492 Austriacus
838 4429 1007 4493 Cremifa-

165 4553 304 4633 nensis,
322 4552 378 4634 die
393 4573 443 4615 20.
453 4552 541 4632 Apr.
556 4556 635 4630 1845
648 4562 761 4632 natus,
776 4553 894 4613 studia
905 4572 1006 4634 gym-

166 4673 325 4739 nasialia
340 4671 541 4753 Cremifani,
562 4672 766 4754 theologica
786 4672 822 4735 in
843 4672 1006 4734 instituto

169 4795 372 4859 domestico
389 4796 434 4856 ad
451 4813 478 4857 s.
491 4793 648 4855 Floriani
664 4794 828 4875 absolvit,
845 4814 872 4857 s.
882 4794 1007 4855 habitu

170 4918 321 4980 indutus
345 4938 374 4992 4.
392 4914 492 4997 Sept.
515 4919 606 4997 1863,
630 4916 848 4976 sollemniter
871 4914 1007 4996 profes-

171 5058 235 5100 sus
265 5035 323 5097 die
351 5039 380 5100 5.
407 5034 507 5117 Sept.
535 5040 627 5118 1867,
656 5035 839 5097 ordinatus
867 5039 918 5098 16.
942 5036 1006 5098 Iul.

177 5161 272 5220 1868.
296 5161 461 5235 1868-71
475 5157 663 5218 adiunctus
677 5155 865 5219 archivarii
878 5165 914 5217 et
928 5160 1008 5234 1870

173 5299 240 5361 per
259 5287 402 5358 tempus
426 5278 590 5357 provisor
612 5279 647 5339 in
662 5288 786 5341 monte
811 5297 837 5340 S.
858 5277 1008 5358 Magda-

173 5402 294 5474 lenae3
327 5405 493 5479 1871-73
522 5400 557 5461 in
587 5400 681 5464 univ.
698 5401 853 5462 Vindob.
882 5399 1008 5461 studiis

1082 928 1110 970 c.
1128 927 1153 968 r.
1174 905 1353 988 gymnasii
1377 904 1558 986 professor
1582 914 1618 966 et
1642 907 1688 965 ab
1713 923 1805 967 anno
1831 909 1910 983 1875

1082 1027 1185 1089 simul
1201 1026 1236 1087 in
1254 1027 1419 1088 convictu
1435 1026 1650 1106 praefectus

1169 1150 1279 1210 Extat
1297 1148 1373 1210 eius
1390 1148 1608 1210 dissertatio:

1170 1276 1227 1330 Die
1244 1275 1403 1349 politische
1416 1272 1500 1329 Seite
1516 1275 1570 1329 der
1582 1274 1758 1347 Regierung
1774 1275 1827 1329 des
1841 1276 1912 1330 Kai-

1084 1397 1149 1434 sers
1166 1378 1309 1433 Claudius
1321 1378 1343 1432 1.
1361 1380 1413 1433 mit
1426 1377 1525 1432 Kritik
1541 1377 1594 1432 der
1608 1376 1735 1445 Quellen
1750 1377 1807 1432 und
1819 1378 1885 1435 Hils
1899 1410 1912 1422 ·

1084 1482 1187 1538 mittei.
1206 1479 1234 1558 (i.
1245 1500 1271 1538 e.
1286 1482 1450 1554 Regiminis
1464 1481 1580 1537 Claudii
1597 1481 1619 1536 Ι.
1638 1483 1827 1556 imperatoris
1840 1501 1912 1556 pars

1084 1588 1208 1663 politica
1220 1601 1250 1643 61
1263 1587 1358 1642 civilis
1372 1606 1438 1641 curn
1453 1588 1557 1641 critica
1569 1584 1715 1664 sontium.)
1732 1588 1805 1642 Pars
1818 1590 1911 1661 prior.

1085 1690 1435 1765 Gymnasialprogramm
1451 1688 1541 1763 1879.
1559 1691 1642 1756 Lina,
1658 1691 1763 1745 Druck
1775 1690 1828 1746 der
1840 1692 1870 1747 k.
1881 1692 1911 1747 k.

1085 1793 1389 1851 Hofbuchdruckerei
1406 1813 1465 1850 von
1477 1795 1502 1869 J.
1517 1796 1726 1868 Feichtingers
1738 1794 1850 1851 Erben.
1869 1795 1911 1852 8⁰.

1085 1914 1123 1972 52
1135 1919 1164 1975 p.
1174 1899 1286 1972 Verlag
1296 1900 1349 1954 der
1359 1900 1522 1954 Direction.
1537 1900 1610 1954 Pars
1620 1900 1724 1966 altera,
1735 1900 1806 1956 ibid.
1822 1899 1912 1956 1880.

1085 2003 1166 2059 Idem
1183 2004 1305 2078 scripsit
1321 2003 1423 2078 plures
1440 2005 1633 2058 recensiones
1654 2003 1798 2060 librorum
1820 2006 1914 2060 histo-

1085 2109 1231 2173 ricorum,
1257 2126 1333 2180 quas
1354 2107 1422 2162 vide
1447 2109 1475 2162 in
1500 2108 1706 2181 ephemeride:
1739 2107 1914 2178 „Litterari-

1085 2213 1174 2267 sches
1191 2210 1423 2268 Centralblatn.

1170 2358 1332 2452 Ziegler
1352 2367 1584 2450 Gregorius
1600 2370 1776 2431 Thomas
1796 2371 1914 2452 (Wib-

1085 2485 1318 2567 lingensis),
1335 2487 1370 2546 in
1388 2486 1522 2566 oppido
1539 2484 1693 2549 Sueviae
1707 2487 1914 2551 Kirchheim

1085 2607 1142 2669 die
1161 2628 1187 2686 7.
1205 2607 1309 2670 Mart.
1332 2626 1412 2685 1770
1434 2616 1549 2688 natuS,
1575 2608 1632 2669 die
1657 2612 1707 2671 26.
1725 2610 1813 2689 Apr.
1835 2631 1911 2689 1791

1085 2730 1120 2791 in
1140 2729 1371 2791 celeberrimo
1394 2730 1608 2791 monasterio
1625 2730 1834 2812 Wiblingen
1855 2753 1916 2794 an-

1085 2851 1224 2914 terioris
1242 2851 1410 2913 Austriae
1426 2851 1587 2932 regulam
1604 2873 1629 2912 s
1643 2850 1830 2914 Benedicti
1847 2855 1916 2915 sol-

1084 2974 1247 3037 lemniter
1263 2972 1447 3054 professus
1465 2982 1500 3034 et
1517 2973 1573 3033 die
1591 2977 1641 3034 25.
1657 2973 1744 3035 Maii
1764 2979 1843 3052 1795
1861 2995 1916 3036 sa-

1086 3094 1256 3157 cerdotali
1273 3094 1448 3176 dignitate
1461 3106 1586 3156 auctus
1600 3104 1663 3157 est.
1688 3095 1759 3156 Per
1774 3108 1913 3177 septem

1086 3237 1198 3279 annos
1214 3216 1339 3297 poesin
1357 3224 1392 3277 et
1408 3215 1565 3297 linguam
1579 3214 1752 3277 Graecam
1768 3217 1916 3280 iuvenes

1087 3337 1217 3419 docuit,
1234 3339 1384 3419 primurn
1402 3337 1436 3398 in
1453 3337 1532 3417 ipso
1544 3339 1769 3419 monasterio,
1787 3339 1916 3401 deinde

1087 3458 1327 3539 Constantiae,
1354 3458 1507 3538 denique
1524 3457 1553 3519 F
1555 3458 1691 3540 riburgi
1715 3459 1750 3520 in
1771 3460 1917 3541 Brisgo-

1086 3581 1154 3642 via.
1187 3579 1391 3661 Suppresso
1420 3579 1636 3641 monasterio
1663 3590 1699 3641 et
1729 3581 1917 3661 repudiata

1086 3701 1292 3783 professura
1319 3701 1354 3762 in
1382 3710 1476 3762 terra
1505 3700 1621 3782 patria
1649 3721 1728 3762 cum
1756 3702 1916 3783 pluribus

1084 3824 1253 3886 fratribus
1266 3823 1448 3904 Tynecum
1466 3823 1501 3883 in
1519 3822 1668 3884 Polonia
1684 3823 1789 3884 situm
1808 3824 1916 3885 demi-

1084 3945 1212 4027 gravit,
1230 3944 1290 4005 ubi
1306 3944 1341 4004 in
1355 3944 1500 4024 antiquo
1517 3943 1650 4005 ordinis
1669 3945 1780 4006 nostri
1797 3964 1916 4007 mona-

1085 4066 1193 4128 sterio
1210 4067 1332 4127 sedem
1352 4063 1441 4145 fixit,
1464 4067 1527 4126 sed
1544 4066 1665 4145 paullo
1680 4075 1764 4146 post
1785 4068 1916 4128 adven-

1086 4198 1160 4250 turn
1185 4187 1335 4249 docendi
1360 4206 1486 4247 munus
1512 4187 1547 4248 in
1575 4188 1668 4250 univ.
1691 4186 1918 4251 Cracoviensi

1086 4310 1293 4391 auspicatus
1321 4319 1385 4372 est.
1418 4308 1506 4370 Cum
1529 4328 1615 4370 vero
1637 4308 1809 4372 Cracovia
1833 4313 1917 4373 urbs

1087 4431 1300 4494 Austriacae
1317 4430 1461 4492 ditionis
1475 4450 1554 4492 esse
1568 4431 1745 4512 desiisset,
1762 4432 1797 4494 in
1814 4433 1916 4513 lyceo
1984 4460 1987 4466 ·

1087 4552 1264 4614 Linciensi
1290 4552 1460 4614 historiae
1488 4552 1752 4614 ecclesiasticae
1780 4552 1917 4632 profes-

1087 4692 1205 4734 suram
1218 4672 1379 4735 obtinuit.
1393 4672 1535 4753 Postea,
1549 4682 1587 4734 ut
1599 4672 1815 4753 theologiam
1829 4674 1916 4754 dog-

1087 4795 1251 4856 maticam
1269 4794 1422 4873 doceret,
1440 4795 1486 4854 ad
1502 4792 1769 4855 universitatem
1781 4792 1917 4855 Vindo-

1087 4918 1281 4978 bonensem
1302 4915 1505 4994 translatuS,
1530 4934 1623 4975 anno
1640 4934 1725 4976 vero
1746 4919 1823 4976 1822
1843 4915 1917 4996 epi·
1988 4902 1989 4905 ¹

1088 5056 1218 5116 scopus
1234 5033 1486 5096 Tarnoviensis
1503 5035 1712 5116 designatus
1733 5045 1769 5097 et
1789 5035 1847 5098 die
1865 5058 1916 5114 29.

1088 5157 1163 5220 11111.
1181 5156 1339 5218 eiusdem
1356 5155 1683 5219 anniVindobonae
1700 5158 1918 5219 sollemniter

1089 5288 1216 5340 unctus
1233 5286 1269 5339 et
1285 5286 1513 5339 consecratus
1530 5287 1593 5339 est.
1619 5278 1724 5339 Anno
1746 5282 1823 5356 1827
1843 5279 1917 5358 epi·

1089 5419 1219 5481 scopus
1241 5399 1438 5461 Linciensis
1459 5399 1659 5462 nominatus
1684 5400 1740 5462 die
1765 5422 1793 5480 9.
1817 5399 1917 5480 Sept.

1661 5505 1693 5566 ⁶7
