4222 6106
870 465 1125 545 -07-

83 667 230 746 nensi
250 665 613 746 repraesentantibus,
638 685 787 746 quorum
808 665 958 745 ipsemet
995 672 998 703 ¹

85 791 329 870 catalogum
346 786 509 849 confecit.
542 789 583 849 In
606 786 810 850 meritorum
833 789 900 849 hac
924 787 958 848 in

88 939 147 988 fe
182 909 385 995 praemium
409 910 548 971 duobus
576 909 726 971 nummis
749 930 771 971 a
793 927 958 989 supremo

95 1031 364 1119 expositionis
391 1031 521 1094 iudicio
550 1041 658 1113 atque
683 1031 855 1113 regimine
880 1051 958 1093 curn

96 1158 249 1230 titulo:
279 1174 319 1235 ,a
340 1153 496 1215 consiliis
520 1153 744 1234 provinciae“
770 1153 959 1234 insignitus

103 1293 194 1350 est.
223 1277 325 1339 Anno
345 1280 425 1355 1877
444 1277 489 1338 ad
507 1295 738 1358 congressum
756 1275 960 1338 internetio-

106 1411 202 1471 lem
221 1399 398 1461 Kiioviam
415 1398 596 1478 invitatuS,
614 1398 732 1459 statim
745 1397 827 1459 illuc
844 1396 960 1478 profe-

114 1537 216 1591 ctus
231 1531 264 1583 et
278 1541 342 1601 per
357 1523 481 1583 decem
493 1521 795 1582 hebdomadarum
808 1519 961 1600 spatium

118 1651 165 1736 in
183 1643 318 1708 Russia
338 1652 585 1722 commoratus,
609 1642 735 1704 studiis
759 1642 961 1703 archaeolo-

121 1767 229 1852 gicis
250 1765 389 1845 insuper
412 1765 517 1826 etiam
542 1763 748 1826 Moscoviae
777 1763 962 1825 archivali-

123 1892 206 1951 bus
225 1888 373 1949 sedulam
395 1885 494 1948 dedit
511 1904 665 1966 operam.
698 1883 832 1965 Orati0,
856 1904 962 1965 quam

131 2011 311 2072 Kiioviae
323 2011 387 2091 ,de
403 2008 547 2071 tumulis
565 2006 829 2088 praehistoricis
852 1995 963 2068 ethrii-

134 2151 258 2193 corum
278 2131 310 2193 in
331 2131 514 2193 Moravia“
539 2130 706 2191 idiomate
723 2129 880 2191 Russico
903 2129 964 2189 ha-

135 2252 232 2333 buit,
256 2253 560 2314 dissertationibus
590 2269 805 2333 congressus
831 2250 965 2338 ¹inserta

138 2372 276 2454 legitur.
295 2375 444 2437 Duobus
455 2375 555 2436 annis
569 2385 652 2455 post
664 2392 784 2436 mense
797 2373 965 2454 Augusto

145 2496 232 2572 1870
244 2496 354 2558 Dudfk
371 2497 561 2559 conventui
575 2493 830 2577 ablegatorum,
848 2494 907 2575 qui
921 2494 965 2554 de

143 2617 408 2701 anthropologia
425 2628 461 2680 et
474 2618 723 2699 archaeologia
739 2614 965 2697 praehistori-

145 2753 183 2796 ca
219 2737 483 2803 Budae-Pestini
507 2742 675 2822 agebant,
702 2738 871 2818 interfuit,
896 2757 966 2818 qua

145 2862 323 2925 occasione
347 2862 681 2925 commentationem
708 2863 752 2922 de
776 2858 966 2941 perforatis

145 2980 254 3045 calvis
275 2986 308 3047 in
328 2985 465 3048 ossario
482 2983 687 3048 Sedlecensi
709 2982 862 3045 inventis
878 2982 966 3043 rela-

145 3096 235 3164 toni
242 3125 319 3170 suae
328 3107 500 3169 adiunxit.
514 3106 664 3168 Ineunte
673 3104 769 3167 Maio
780 3124 872 3166 anno
887 3108 964 3181 1877

143 3214 261 3291 Dudlk
280 3227 545 3292 Stockholmiae
567 3227 773 3309 postulabat
797 3226 967 3288 conditio-

142 3354 211 3400 nes
229 3351 422 3414 traditionis
448 3372 483 3412 21
512 3350 672 3413 codicum
698 3349 875 3411 idiomatis
897 3348 967 3409 Bo-

140 3455 276 3554 herllici,
307 3495 328 3536 a
353 3471 479 3537 Suecis
503 3473 652 3535 durante
681 3491 792 3534 annos
820 3471 967 3553 triginta

138 3574 233 3650 bello
271 3616 316 3658 ex
354 3595 527 3658 Bohemia
565 3605 601 3657 et
636 3593 797 3656 Moravia
832 3594 967 3655 ablato-

135 3711 229 3788 mffl,
256 3719 349 3799 quod
377 3717 561 3800 negotium
585 3718 630 3778 ad
653 3724 815 3797 optatum
840 3717 968 3795 perdu-

132 3815 184 3881 xit
210 3831 333 3922 finem,
355 3860 435 3902 cum
456 3841 614 3901 secunda
637 3838 715 3901 vice
741 3837 905 3900 Sueciam
933 3847 968 3899 et

130 3930 307 4024 Russiam
335 3962 495 4042 visitans,
527 3963 703 4023 adductos
730 3960 872 4023 codices
900 3960 968 4022 iam

128 4064 276 4146 pridem
293 4082 539 4148 Stoclrholmia
561 4084 717 4145 Brunam
738 4081 968 4162 expediisset,

127 4178 189 4248 ubi
216 4220 343 4269 mense
358 4206 460 4268 Iunio
482 4211 561 4285 1878
584 4208 814 4267 advenerunt.
846 4204 969 4266 Petro-

123 4307 201 4373 p⁰¹i
230 4328 485 4391 bibliothecam
511 4327 651 4390 nomine
680 4326 967 4409 ,Zaluskianam“

121 4432 368 4514 perlustravit
384 4470 534 4532 eamque
551 4452 674 4512 urbem
688 4469 779 4511 anno
797 4454 876 4527 1879
894 4468 969 4509 cur-

122 4555 240 4630 rente
255 4573 450 4636 studiorum
468 4594 576 4636 causa
593 4573 719 4635 iterum
736 4571 904 4633 visitavit.
929 4571 969 4631 In

122 4675 336 4792 pfflemium
352 4696 513 4757 laborum
526 4714 668 4757 suorum
681 4694 802 4755 Dudfk
819 4713 969 4774 sequen-

123 4786 237 4874 tlbus
263 4817 445 4879 ordinibus
474 4827 510 4879 et
538 4817 647 4880 titulis
672 4816 861 4898 insignitus
888 4815 968 4877 fuit:

125 4897 198 4982 E⁸¹³
224 4938 444 5001 consiliarius
464 4959 551 5001 suae
572 4958 761 5001 caesareae
785 4958 827 4999 ac
848 4938 969 5019 regiae

133 5041 254 5122 apost.
285 5060 482 5124 maiestatis
515 5070 551 5123 et
582 5058 772 5142 regiminis,
808 5059 969 5140 possidet

140 5168 298 5245 ordinem
322 5203 415 5246 caes.
438 5203 512 5266 reg.
534 5182 715 5245 Francisci
735 5182 889 5263 Iosephi,
915 5202 967 5244 re-

150 5282 226 5362 giae
241 5325 390 5368 coronae
407 5286 771 5387 Wiirtembergensis,
788 5324 861 5387 reg.
879 5303 967 5367 Sue·

159 5407 255 5489 ciclun
276 5427 422 5508 Wasae,
448 5425 665 5492 Saxonicum
691 5427 890 5509 Albrechti,
915 5447 968 5489 or-

1038 662 1156 725 dinem
1173 663 1313 743 aquilae
1335 665 1462 725 rubrae
1483 684 1556 746 reg.
1574 664 1755 749 Borussici
1779 665 1868 725 clas-

1038 785 1087 847 sis
1112 785 1249 865 tertiae,
1278 805 1304 848 5.
1330 785 1515 848 Michaelis
1539 786 1715 848 Bavariae
1744 786 1868 848 classis

1039 908 1183 989 primae,
1216 909 1290 970 ord.
1319 907 1552 989 Medschidije
1580 909 1704 970 classis
1731 909 1868 989 tertiae,

1039 1040 1188 1092 vocatus
1225 1050 1335 1110 eques
1367 1031 1491 1092 classis
1526 1033 1705 1093 secundae
1737 1029 1869 1092 ordinis

1040 1151 1177 1231 imperii
1204 1151 1351 1213 Russici
1382 1172 1408 1213 s.
1437 1152 1574 1231 Annae,
1606 1154 1871 1214 commendator

1039 1274 1172 1335 ordinis
1202 1273 1518 1355 Hierosolymitani
1550 1284 1586 1336 et
1614 1296 1639 1336 s.
1673 1273 1870 1338 Salvatoris

1040 1396 1141 1478 regni
1161 1393 1349 1468 Graeciae;
1374 1396 1563 1478 insignitus
1589 1406 1643 1458 est
1669 1417 1697 1458 c.
1719 1417 1744 1458 r.
1767 1415 1871 1458 cruce

1041 1538 1148 1579 aurea
1177 1517 1318 1578 militari
1349 1537 1413 1597 pro
1443 1517 1510 1597 piis
1539 1518 1671 1579 meritis
1704 1538 1769 1578 nec
1802 1537 1871 1578 non

1041 1640 1181 1722 magnis
1198 1640 1349 1701 monetis
1365 1641 1481 1702 aureis
1498 1660 1562 1734 pro
1579 1640 1707 1702 litteris
1730 1651 1766 1703 et
1789 1640 1871 1701 arti-

1041 1767 1109 1825 bus
1132 1783 1321 1844 regnorum
1343 1763 1534 1841 Austriaci,
1557 1763 1874 1844 Wiirtembergen·

1043 1885 1105 1964 sis,
1137 1884 1305 1948 Saxonici
1331 1895 1366 1946 et
1390 1886 1540 1947 ducatus
1564 1885 1759 1963 Badensis,
1776 1884 1874 1965 Quas

1043 2017 1204 2070 monetas
1244 2018 1279 2069 et
1322 2007 1475 2089 insignia
1519 2028 1649 2090 magna
1687 2028 1732 2070 ex
1772 2016 1874 2089 parte

1045 2131 1078 2193 in
1109 2130 1303 2210 pretiosum
1337 2130 1481 2192 calicem
1515 2129 1659 2192 conflari
1690 2130 1748 2191 vel
1782 2131 1875 2192 hunc

1044 2254 1111 2316 illis
1140 2254 1303 2316 exornari
1336 2254 1482 2334 curavit,
1514 2253 1548 2314 in
1580 2262 1789 2334 perpetuam
1822 2251 1876 2313 sui

1045 2376 1249 2438 memoriam
1282 2376 1454 2437 coenobio
1486 2375 1742 2457 Raigradiensi
1778 2386 1813 2437 et
1848 2394 1874 2436 s.

1046 2499 1244 2560 Benedicta
1276 2497 1488 2559 dedicatum.
1529 2495 1636 2558 Cuius
1665 2495 1783 2557 calicis
1817 2471 1876 2556 de-

1046 2620 1283 2700 scriptionem,
1312 2628 1506 2679 memoratu
1531 2617 1675 2699 dignam
1707 2617 1740 2678 in
1771 2619 1877 2698 ephe·

1046 2743 1179 2804 meride
1201 2741 1395 2803 Viennensi
1422 2741 1668 2821 „Vaterland“,
1695 2740 1724 2801 si
1748 2741 1876 2821 placet,

1046 2851 1222 2946 perlegas
1255 2863 1319 2924 Est
1343 2863 1487 2943 insuper
1508 2863 1629 2924 Dudlk
1654 2862 1877 2943 sequentium

1047 2985 1256 3048 societatum
1285 2987 1479 3047 membrum
1509 2986 1664 3046 actuale:
1696 2984 1878 3046 facultatis

1047 3107 1316 3187 philosophicae
1349 3106 1383 3167 in
1415 3127 1443 3167 c.
1476 3127 1500 3167 r.
1535 3105 1767 3167 universitate
1795 3104 1878 3167 Olo-

1048 3229 1215 3311 mucensi,
1237 3228 1442 3290 academiae
1459 3227 1686 3288 scientiarum
1704 3227 1878 3307 Viennae,

1048 3351 1274 3432 Hungaricae
1303 3349 1450 3429 Pestini,
1480 3349 1696 3410 Bohemicae
1726 3350 1879 3430 Pragae,

1048 3473 1148 3556 regni
1164 3473 1341 3534 Bavariae
1363 3472 1551 3553 Monachii,
1574 3471 1711 3552 imperii
1732 3471 1880 3533 Russici

1048 3596 1262 3676 Moscoviae,
1283 3595 1488 3657 academiae
1507 3592 1711 3674 pontificiae
1728 3593 1880 3672 Romae,

1049 3739 1076 3780 c.
1087 3739 1112 3779 r,
1126 3719 1261 3794 musaei
1278 3737 1342 3798 pro
1361 3717 1495 3779 artibus
1515 3727 1550 3779 et
1567 3716 1740 3777 industria
1757 3726 1793 3777 et
1810 3736 1838 3777 c.
1853 3736 1878 3779 r.

1050 3839 1307 3902 commissionis
1336 3838 1502 3900 centralis
1533 3857 1598 3918 pro
1626 3837 1882 3899 conservandis

1051 3972 1086 4024 et
1113 3961 1356 4024 restaurandis
1383 3961 1619 4023 monumentis
1648 3960 1821 4034 Viennae,
1857 3982 1881 4022 r.

1049 4083 1231 4145 societatis
1248 4103 1312 4163 pro
1330 4082 1543 4165 indagandis
1559 4081 1720 4144 fontibus
1735 4080 1884 4144 Germa-

1050 4208 1128 4269 niae
1145 4206 1251 4268 medii
1269 4206 1348 4268 aevi
1365 4204 1589 4267 Francoforti
1606 4227 1636 4266 a.
1651 4205 1709 4284 M,
1728 4227 1756 4267 c.
1772 4226 1882 4287 germ.

1050 4328 1234 4392 societatis
1255 4328 1489 4409 Regiomonti
1510 4328 1546 4388 in
1569 4327 1748 4408 Borussia,
1773 4347 1883 4408 germ.

1050 4451 1162 4512 musei
1176 4450 1497 4532 NorimbergensiS,
1515 4449 1698 4511 societatis
1715 4449 1885 4511 historiae

1050 4574 1312 4635 marchionatus
1334 4573 1693 4654 Brandenburgensis
1718 4572 1884 4651 Berolini,

1050 4699 1200 4759 ducatus
1213 4695 1356 4777 Styriae
1374 4694 1552 4776 Gradecii,
1571 4715 1636 4757 nec
1654 4715 1724 4757 non
1741 4715 1769 4755 c.
1785 4715 1809 4755 r.
1828 4713 1882 4753 5ο-

1050 4818 1190 4880 cietatis
1217 4817 1445 4879 scientiarum
1476 4817 1686 4878 naturalium
1721 4834 1885 4895 agrorum

1050 4950 1085 5003 et
1101 4940 1269 5003 historiae
1287 4939 1425 5019 patriae
1444 4939 1710 5020 promovendae
1728 4956 1794 5017 per
1810 4937 1887 4997 Mo-

1049 5061 1184 5124 raviam
1210 5070 1246 5122 et
1270 5058 1434 5123 Silesiam
1459 5060 1688 5139 eiusdemque
1714 5058 1888 5120 sectionis

1049 5182 1435 5245 historico-stetisticae
1450 5182 1602 5244 Brunae.
1628 5181 1827 5244 Membrum
1842 5184 1888 5244 ad

1048 5307 1202 5367 honores
1225 5324 1311 5366 vero
1333 5305 1468 5366 electus
1489 5302 1556 5366 fuit
1578 5304 1806 5368 societatum:
1837 5303 1889 5365 hi·

1048 5426 1179 5490 storiae
1206 5435 1243 5489 et
1264 5424 1487 5508 antiquitatis
1504 5425 1652 5508 Pestini,
1680 5427 1887 5509 Zagrabiae,

1645 5534 1680 5594 9*
