4252 6112
920 468 1201 539 ,304-

189 657 334 738 dustria,
355 664 533 718 testantur
555 655 718 738 ,tabulae
738 653 948 717 historicae“
972 656 1019 716 ab

190 779 268 860 ipso
293 778 448 841 maxima
473 797 552 840 eum
576 775 762 859 diligentia
789 775 1019 858 compositae,

190 919 281 981 quae
297 899 440 962 omnino
457 898 610 961 omnium
632 896 866 960 admiratione
888 897 1019 979 dignae

189 1022 225 1084 in
241 1021 429 1104 gymnasio
440 1020 645 1083 Meranensi
661 1022 906 1083 adservantur.

276 1161 398 1224 Verba
422 1159 594 1243 epitaphii
615 1159 728 1222 virum
752 1158 1019 1222 accuratissime

190 1285 410 1347 describunt:
440 1283 572 1365 ,Multa
596 1293 632 1345 et
657 1302 787 1365 magna
815 1282 1018 1345 molientem

190 1406 287 1468 zelus
303 1404 446 1467 Domini
463 1404 647 1468 comedit.“
665 1480 671 1490 Ι

277 1555 455 1629 Moesch
483 1567 597 1629 Beda
626 1566 885 1648 (Murensis),
916 1577 1021 1628 natus

192 1695 247 1747 est
270 1683 403 1746 Frickii
426 1685 461 1746 in
483 1684 644 1766 Argovia
673 1703 763 1764 1741,
788 1682 822 1746 in
846 1683 969 1746 ordine
993 1703 1019 1745 s.

191 1806 278 1868 Ben.
303 1805 440 1867 emissis
462 1806 557 1869 votis
581 1816 747 1888 receptus
774 1810 865 1885 1759.
888 1804 959 1867 Per
980 1808 1021 1867 36

191 1945 303 1988 annos
316 1927 484 2009 egregius
498 1937 575 1989 erat
584 1927 744 2009 capellae
756 1927 937 2010 magister,
948 1947 1022 1990 mu-

192 2047 284 2110 sices
304 2047 552 2128 peritissimus.
577 2047 676 2113 Obiit
697 2048 754 2111 die
777 2070 805 2112 2.
822 2049 909 2113 Dec.
931 2053 1021 2112 1802.

279 2191 446 2266 Compositi
463 2205 532 2247 sunt
547 2190 586 2249 ab
603 2192 670 2267 ipso
687 2191 933 2260 Falsi·Bordoni,
950 2192 1023 2249 Mis·

192 2313 245 2351 sae
258 2294 417 2351 nonnullae
426 2308 456 2352 et
466 2296 540 2354 Veni
550 2314 575 2353 s.
585 2294 716 2372 Spiritus
730 2315 747 2352 a
759 2313 779 2369 4
789 2314 867 2364 voe,
879 2312 895 2352 2
907 2296 1023 2364 clarin.,

195 2414 211 2454 2
231 2417 314 2455 corn.
332 2413 362 2455 et
378 2400 498 2457 violonc
516 2419 582 2456 cum
599 2419 715 2475 organo
731 2399 878 2475 obligato.

280 2545 1023 2642 MoserAnrbrosius(Lamber‘tinus).

193 2672 309 2735 Natus
330 2682 385 2736 est
400 2673 554 2738 Muravii
575 2675 610 2738 in
632 2674 752 2757 Styria
773 2696 819 2739 11.
836 2676 911 2739 Iun.
932 2682 1024 2758 1696,

194 2794 352 2858 habitum
370 2796 502 2858 ordinis
519 2797 743 2860 Benedictini
759 2797 873 2861 induit
887 2799 923 2861 in
939 2799 1024 2862 vici·

195 2935 240 2979 no
256 2917 470 2979 monasterio
488 2939 513 2980 s.
531 2918 711 2982 Lamberti
729 2940 779 2982 21.
794 2919 872 2985 Oct.
891 2940 968 3000 1717
988 2929 1024 2983 et

193 3037 324 3100 ibidem
338 3049 423 3102 vota
435 3040 619 3102 sollemnia
632 3041 748 3103 emisit
761 3060 811 3120 27.
825 3041 912 3106 Dec.
932 3047 1022 3121 1718.

193 3160 380 3223 Absolutis
405 3160 440 3223 in
464 3161 543 3242 ipso
568 3163 782 3225 monasterio
806 3182 870 3226 suo
894 3164 1022 3228 studiis

194 3282 405 3365 theologicis
432 3283 606 3364 primitias
634 3284 830 3348 celebravit
861 3290 907 3348 15.
934 3286 1023 3368 Αρ1.

199 3421 288 3481 1721.
306 3404 445 3466 Exinde
461 3405 625 3485 repetitis
637 3405 786 3488 vicibus,
801 3408 884 3488 quia
896 3410 1024 3490 plenus

194 3537 271 3588 erat
287 3525 414 3608 spiritu
429 3526 612 3609 religionis
628 3538 664 3590 et
680 3528 888 3610 disciplinae
905 3549 1023 3592 mona-

193 3648 315 3729 sticae,
337 3647 480 3711 functus
502 3657 557 3711 est
578 3669 721 3712 munere
742 3650 904 3733 magistri
925 3653 1023 3715 novi·

194 3769 332 3851 tiorum,
362 3769 506 3852 insuper
533 3771 640 3833 etiam
664 3773 869 3855 subprioris,
896 3773 1023 3855 prioris

195 3892 401 3972 (1740-43),
415 3892 497 3954 dein
509 3893 806 3957 administratoris
818 3895 853 3957 in
863 3895 1022 3978 Veitsch,

194 4015 307 4075 donec
328 4014 494 4094 repositis
516 4014 609 4076 curis
626 4017 866 4079 saecularibus
884 4018 1023 4081 obiitin

194 4133 401 4196 Maria-Hos
415 4139 444 4198 8.
461 4136 565 4199 Mart.
588 4141 679 4215 1756.

281 4276 320 4338 Ι11
333 4275 549 4338 bibliotheca
558 4276 786 4339 Lambertina
799 4278 900 4360 plura
911 4279 1023 4359 ipsius

195 4408 339 4461 exstant
361 4397 603 4479 manuscripta
623 4398 794 4480 ascetica,
819 4399 911 4462 inter
932 4419 1023 4481 quae

395 4520 567 4582 nominari
583 4530 750 4584 meretur:
776 4521 1023 4605 ,Decendialis
1061 4494 1065 4625 1

194 4521 230 4584 111
250 4520 372 4603 primis

194 4641 406 4706 exercitatio
431 4662 495 4724 pro
519 4641 842 4724 neo-profitendis“
868 4655 911 4727 4⁰,
928 4647 1023 4727 quod

194 4765 253 4826 diu
270 4765 385 4826 adhuc
402 4773 485 4845 post
498 4764 609 4846 ipsius
622 4773 770 4826 mortem
788 4765 834 4827 ad
846 4764 1022 4830 instruen-

194 4890 259 4951 dos
275 4885 428 4949 novitios
445 4885 642 4948 adhibitum
659 4896 723 4948 est.

280 5037 424 5110 Moser
459 5048 667 5111 Antonius
705 5049 1022 5131 (Michaiilbura

193 5188 281 5247 nus,
299 5164 670 5249 Salisburgensis).
694 5167 808 5231 Natus
825 5168 1020 5250 Gastunae,

199 5306 246 5366 17.
263 5288 367 5351 Febr.
389 5308 479 5369 1711,
500 5288 650 5370 profess.
670 5311 719 5369 ²9·
738 5288 837 5371 Sept.
859 5296 949 5372 1733,
967 5311 1021 5353 sa·

195 5410 320 5472 cerdos
341 5413 431 5488 1737.
455 5409 650 5491 Postquam
664 5411 699 5473 in
711 5411 898 5494 gymnasio
912 5409 1021 5475 Salis·

1099 651 1270 736 burgensi
1297 654 1343 714 ab
1371 671 1464 715 anno
1489 671 1571 731 1740
1594 671 1709 734 usque
1737 652 1789 715 ad
1814 671 1950 715 annum

1104 778 1181 853 1751
1194 773 1415 857 pedetentim
1424 773 1461 836 in
1469 774 1633 836 omnibus
1643 773 1833 836 classibus
1843 774 1948 837 huius

1100 897 1242 960 scholae
1258 916 1385 959 munus
1401 894 1614 978 professoris
1631 904 1668 958 et
1680 894 1871 977 praefecti
1887 897 1947 958 ad-

1099 1018 1372 1100 ministraverat,
1390 1017 1549 1100 suscepit
1560 1037 1653 1081 anno
1671 1021 1752 1096 1751
1773 1017 1812 1080 in
1830 1018 1945 1080 archi·

1100 1140 1295 1224 episcopali
1322 1140 1558 1204 Benedictina
1587 1138 1832 1202 universitate
1864 1158 1943 1221 pro

1100 1261 1275 1325 sessuram
1291 1261 1538 1345 philosophiae
1558 1259 1742 1344 practicae
1768 1270 1808 1324 et
1830 1260 1940 1324 histo·

1099 1384 1173 1447 riae
1195 1383 1415 1448 universalis.
1439 1385 1546 1447 Anno
1567 1387 1646 1462 1756
1663 1383 1865 1446 adscendit
1886 1403 1939 1446 ca·

1099 1506 1261 1568 thedram
1274 1525 1301 1568 s.
1311 1505 1523 1588 theologiae,
1537 1514 1573 1567 et
1582 1503 1702 1567 docuit
1712 1505 1938 1588 theologiam

1100 1628 1278 1709 moralem,
1295 1646 1408 1710 usque
1424 1629 1471 1690 ad
1487 1646 1617 1690 annum
1637 1630 1731 1706 1764.
1756 1627 1872 1691 Anno
1888 1647 1938 1691 se·

1101 1761 1233 1831 quente
1258 1751 1367 1832 (1765)
1397 1754 1443 1812 16.
1467 1748 1557 1812 Nov.
1585 1751 1699 1811 abbas
1728 1750 1937 1813 monasterii

1101 1871 1164 1953 sui,
1187 1871 1409 1934 consiliarius
1429 1869 1694 1934 ecclesiasticus
1710 1872 1936 1935 reverendis·

1101 1993 1180 2055 simi
1202 1993 1462 2075 archiepiscopi
1483 2005 1519 2055 et
1540 2013 1567 2055 s.
1589 2012 1615 2055 1.
1636 1992 1658 2055 1.
1680 1992 1863 2075 principis
1879 1992 1936 2059 Sa·

1101 2115 1336 2199 lisburgensis
1352 2125 1388 2177 et
1400 2134 1547 2197 praeses
1560 2116 1674 2178 almae
1690 2115 1935 2179 universitatis

1103 2238 1239 2300 electus
1259 2248 1324 2320 est,
1346 2247 1382 2300 et
1403 2260 1432 2315 4.
1450 2238 1507 2300 die
1523 2238 1654 2310 Martii,
1679 2242 1763 2316 1783
1784 2239 1934 2302 animam

1104 2360 1183 2422 Deo
1200 2359 1340 2422 redidit.

1192 2482 1296 2544 Prelo
1313 2481 1462 2543 tradidit
1477 2481 1721 2563 manuscripta
1733 2483 1934 2565 sequentia:

1191 2607 1213 2663 Ι.
1235 2605 1471 2664 Schematismus
1488 2606 1638 2664 doctionis
1654 2609 1683 2663 in
1699 2609 1852 2667 cathedra
1867 2611 1934 2667 ethi·

1105 2729 1156 2768 ces
1173 2725 1203 2767 et
1219 2712 1410 2769 historiarum
1424 2732 1479 2788 pro
1496 2730 1575 2768 anno
1592 2713 1780 2770 scholastico
1798 2728 1934 2771 currente

1105 2818 1133 2871 in
1149 2816 1401 2893 archiepiscopali
1417 2816 1612 2874 Benedictina
1627 2820 1831 2875 universitate
1847 2817 1934 2877 Salis·

1103 2918 1201 2994 burgi.
1219 2926 1262 2993 4⁰.

1190 3025 1227 3082 11.
1244 3024 1487 3099 Prolegomenon
1504 3026 1658 3094 historiae,
1680 3044 1736 3083 seu
1753 3028 1936 3086 introductio

1104 3131 1132 3185 in
1149 3129 1304 3186 historiam
1321 3132 1500 3187 universam.
1517 3129 1697 3206 Salisburgi.
1720 3132 1818 3206 1756.
1836 3141 1882 3215 4⁰,

1190 3234 1242 3290 111.
1271 3234 1370 3290 Homo
1397 3233 1518 3301 beatus,
1543 3234 1716 3293 dissertatio
1746 3237 1937 3314 theologico·

1103 3338 1234 3394 moralis
1253 3337 1431 3414 Salisburgi,
1454 3339 1544 3412 1760.
1562 3345 1604 3412 4⁰.

1190 3484 1302 3557 Mbsl
1317 3496 1473 3559 Vitalis
1491 3499 1524 3580 (a
1541 3516 1567 3560 s.
1581 3497 1706 3560 Petro
1725 3495 1937 3565 Salisbur·

1102 3612 1171 3694 gi),
1195 3623 1300 3675 natus
1322 3612 1521 3698 Salisburgi
1546 3636 1593 3694 19.
1609 3615 1699 3678 Νον.
1722 3621 1821 3700 1735,
1845 3621 1939 3683 novi·

1103 3732 1173 3795 tius
1197 3756 1224 3814 7.
1242 3734 1341 3817 Sept.
1364 3742 1454 3819 1753,
1479 3739 1671 3800 monachus
1696 3739 1891 3819 professus
1912 3746 1938 3805 8.

1103 3855 1202 3939 Sept.
1217 3859 1663 3942 1754,neomysta12.Nov.
1678 3865 1771 3944 1758,
1785 3882 1939 3947 sequen·

1102 3979 1198 4042 tibus
1214 3981 1315 4043 annis
1337 3981 1373 4044 in
1393 3982 1486 4045 univ.
1504 3982 1632 4047 Salisb.
1650 3984 1876 4068 rudimenta,
1899 4006 1939 4049 ac

1102 4103 1370 4185 grammaticam
1383 4115 1418 4166 et
1432 4108 1512 4184 1764
1525 4104 1789 4188 philosophiam
1805 4109 1938 4190 docuit,

1104 4243 1209 4305 quam
1226 4225 1369 4288 biennio
1385 4227 1548 4290 absolvit.
1569 4228 1630 4289 Ab
1642 4247 1736 4290 anno
1754 4235 1839 4310 1767
1859 4251 1940 4295 con·

1103 4346 1262 4410 cionator
1292 4350 1465 4411 ecclesiae
1497 4349 1723 4412 academicae
1756 4354 1940 4434 expetitus

1102 4470 1193 4532 hanc
1210 4473 1414 4534 cathedram
1427 4482 1509 4554 post
1521 4473 1699 4535 biennium
1710 4486 1866 4555 propter
1877 4494 1938 4538 vo·

1103 4591 1153 4653 cis
1179 4591 1419 4656 infirmitatem
1446 4595 1597 4677 reliquit.
1631 4594 1814 4677 Reliquos
1842 4597 1938 4661 vitae

1102 4733 1187 4776 suae
1203 4735 1315 4778 annos
1332 4717 1482 4799 primurn
1500 4718 1535 4780 in
1552 4718 1641 4780 colle
1657 4718 1937 4782 Mariano-Plei-

1101 4838 1212 4918 nensi,
1229 4838 1310 4901 dein
1327 4840 1363 4902 in
1380 4839 1593 4902 monasterio
1609 4841 1687 4903 Deo
1704 4850 1742 4903 et
1758 4841 1936 4923 proximis

1100 4960 1283 5022 laboribus
1311 4962 1383 5023 suis
1409 4961 1590 5023 litterariis
1614 4962 1714 5025 vixit.
1747 4959 1854 5026 Obiit
1880 4962 1937 5026 bis

1101 5082 1276 5144 iubilaeus
1295 5104 1322 5147 2.
1340 5085 1425 5147 Dec.
1447 5089 1537 5163 1809.

1206 5209 1228 5264 I.
1254 5208 1472 5266 Academische
1500 5209 1672 5284 Preisirage
1700 5209 1779 5268 siber
1808 5213 1860 5272 die
1885 5216 1940 5273 Ur·

1101 5313 1192 5369 sache
1209 5313 1379 5389 periodisch
1396 5314 1573 5371 lliessender
1586 5313 1714 5383 Quellen
1728 5316 1790 5373 und
1803 5318 1856 5377 die
1865 5321 1941 5379 Ver-

1100 5414 1270 5492 besserung
1283 5420 1435 5493 moosiger
1448 5417 1581 5475 Grdnde.
1599 5415 1628 5494 (1.
1642 5437 1668 5475 e.
1683 5420 1730 5476 De
1744 5428 1942 5497 perennitate
