4252 6112
936 504 983 512 -
1039 465 1191 551 46·-

192 677 267 730 tum
279 665 511 730 benedicitur.
537 663 706 747 Sequitur
718 685 809 729 anno
827 670 906 744 1773
920 685 1022 747 prae-

194 787 358 852 cedentia
374 789 445 850 duo
459 788 582 870 legata
593 788 750 850 notabile
763 787 847 850 illud
864 790 1021 871 legatum

193 911 320 974 nobilis
336 911 480 974 herulae
491 909 719 981 Elisabethae
737 911 781 972 de
795 908 1022 974 Schwalben-

192 1033 276 1113 feld,
298 1052 368 1115 quo
390 1033 539 1095 00010010
558 1032 832 1115 Raigradiensis
854 1052 972 1094 21.ooo
986 1031 1020 1094 fl.

193 1155 343 1237 accepit,
361 1155 557 1235 eodemque
574 1173 666 1216 anno
678 1163 795 1216 rector
811 1153 950 1236 collegii
966 1173 1022 1216 so-

194 1278 334 1343 cietatis
357 1278 438 1340 Iesu
462 1275 657 1338 Brunensis
680 1275 823 1339 ultimus
847 1275 1021 1339 Martinus

192 1402 301 1466 Raab
311 1400 477 1482 posteius
486 1399 619 1461 ordinis
628 1397 916 1479 subpressionem
925 1398 1020 1479 apud

193 1544 258 1588 nos
270 1523 425 1604 hospitio
438 1521 624 1602 excipitur.
653 1539 731 1599 1777
747 1519 946 1582 incendium
959 1540 1021 1601 pa-

193 1665 277 1729 gum
294 1654 452 1708 nostrum
468 1643 678 1727 Rybcsovic
694 1652 807 1705 totum
829 1643 864 1704 in
885 1643 1021 1705 cineres

192 1768 309 1849 vertit,
330 1765 496 1847 sequenti
513 1764 666 1827 ecclesia
683 1765 721 1837 ,in
744 1762 894 1846 Syrovic
916 1764 1022 1846 erigi-

193 1902 262 1970 tur,
290 1896 369 1968 1770
393 1887 531 1968 capella
555 1906 581 1951 0.
604 1887 732 1949 Annae
757 1886 791 1948 in
815 1905 911 1969 pago
934 1885 1021 1947 Hlu-

192 2013 290 2095 boky
300 2018 484 2074 exstructa
496 2029 537 2071 ac
547 2007 735 2072 benedicta
745 2006 1022 2090 frequentationi

192 2134 357 2217 publicae
382 2131 550 2213 aperitur,
581 2149 658 2209 1777
685 2130 846 2211 superior
868 2129 1022 2192 ambitus

193 2256 432 2338 praelaturam
453 2252 544 2315 inter
564 2263 600 2314 et
620 2261 834 2315 conventum
857 2250 1022 2315 aedifica·

194 2387 260 2457 tur,
282 2375 462 2438 archivum
482 2393 612 2436 novum
632 2373 811 2455 inceptum
831 2373 1021 2455 perficitur,

194 2509 340 2581 totaque
358 2497 510 2560 ecclesia
522 2505 742 2559 restauratur
753 2496 1021 2576 monasterialis

193 2623 228 2685 in
238 2642 318 2704 qua,
328 2640 406 2683 cum
416 2617 617 2681 novissimis
627 2618 752 2680 diebus
762 2618 952 2680 oratorium
966 2638 1022 2680 su-

193 2764 258 2827 per
270 2741 466 2806 sacristiam
474 2738 701 2804 aedificatum
714 2749 818 2822 esset,
832 2741 907 2802 sine
917 2741 1023 2802 inter-

192 2866 357 2949 ruptione
371 2864 498 2926 chorus
515 2862 795 2943 persolvebatur.
818 2862 924 2924 Anno
941 2866 1023 2940 1780

193 2990 380 3053 traduntur
402 2985 505 3048 nobis
534 2983 751 3046 sollemniter
773 3003 843 3064 qua
872 2991 1022 3064 patrono

191 3112 315 3175 literae
330 3106 548 3171 fundationis
565 3103 727 3167 beneficii
739 3105 851 3168 curati
867 3104 1022 3186 1118710-

191 3234 264 3313 vic,
286 3231 405 3313 ibique
424 3230 464 3291 P.
481 3228 683 3292 Sarcander
698 3225 869 3289 Globisch
889 3226 1022 3308 primus

193 3354 441 3419 denominatus
473 3360 626 3430 curatus,
657 3349 762 3411 sicuti
789 3348 1021 3431 quadriennio

191 3488 275 3541 ante
288 3478 328 3540 P.
341 3476 492 3538 Ioannes
506 3471 660 3552 Zvolsky
676 3471 810 3551 primus
824 3490 888 3551 pro
906 3489 1021 3532 resus-

192 3600 301 3663 citata
326 3606 408 3678 post
432 3613 604 3657 annorum
629 3597 688 3654 roo
710 3592 865 3672 spatium
886 3592 1021 3655 curatia

191 3717 475 3784 Domasoviensi.
497 3716 591 3778 Loco
605 3725 801 3778 statuarum
817 3714 852 3776 in
864 3714 1021 3776 turribus

192 3841 365 3905 ecclesiae
378 3857 501 3901 cruces
514 3837 751 3917 imponuntur,
764 3847 800 3898 01
818 3840 893 3914 1781
910 3837 1021 3898 sacel-

191 3966 272 4042 lum,
286 3962 502 4025 bibliotheca
514 3959 549 4020 in
563 3959 765 4038 praelatura
777 3958 925 4038 eiusque
937 3977 1021 4039 pars

191 4105 317 4148 versus
340 4084 468 4147 molam
489 4080 618 4162 partim
639 4088 866 4158 restauratur,
891 4080 1021 4160 partim

193 4210 237 4271 de
254 4228 347 4270 novo
363 4204 579 4268 aedificatur.
609 4176 669 4263 Ari
689 4200 794 4263 finem
815 4201 918 4263 huius
938 4203 1021 4264 anni

196 4336 243 4394 13.
258 4329 338 4394 Oct.
352 4328 515 4391 edictum
524 4323 733 4387 tolerantiae
749 4322 969 4385 Moravicum
985 4323 1020 4386 in

191 4452 371 4534 publicum
392 4447 534 4531 prodiit,
559 4445 595 4507 vi
619 4444 718 4506 cuius
744 4464 808 4525 per
833 4446 1019 4508 decursum

192 4574 332 4639 triennii
344 4571 636 4635 monasteriorum
651 4576 687 4630 et
700 4567 931 4630 claustrorum
948 4587 1020 4630 ma-

190 4689 288 4751 xima
323 4706 407 4768 pars
439 4684 571 4748 abolita
607 4699 675 4761 cst;
715 4700 901 4752 cassantur
936 4690 1020 4754 item

191 4830 313 4874 omnes
336 4807 584 4889 exemptiones
609 4811 770 4873 ordinum
797 4813 941 4874 decreto
966 4812 1020 4875 Ιο-

191 4932 293 5014 sephi
305 4931 349 5013 II,
366 4931 446 4994 hinc
463 4941 500 4994 01
512 4932 641 4994 nostris
653 4933 845 5017 Raigradii
857 4944 1020 5015 tempora

192 5052 346 5116 infausta
356 5053 574 5135 inchoantur,
585 5056 727 5118 domum
736 5066 1020 5120 tamennostram

191 5174 361 5256 singulari
377 5195 406 5239 c.
419 5197 444 5238 r.
458 5178 560 5239 aulae
576 5177 815 5242 munificentia
833 5198 1020 5242 conserva·

192 5304 264 5357 tam
276 5295 447 5361 videmus.
463 5297 625 5362 Fratrum
638 5321 756 5364 amore
769 5300 957 5364 deficiente
970 5300 1020 5363 in-

190 5415 328 5497 cipiunt
340 5417 438 5481 rixae
452 5421 693 5501 praepositum
709 5422 801 5485 inter
816 5433 852 5486 et
868 5442 1020 5486 conven-

1102 677 1186 747 tum,
1212 667 1310 730 cuius
1329 665 1442 730 fomes
1467 668 1608 731 exsistit
1629 672 1709 748 1784
1724 670 1898 752 neglecta
1918 689 1942 732 0

1102 788 1308 869 praeposito
1332 789 1458 870 petitio
1482 790 1703 871 clericorum,
1728 789 1790 872 qui
1814 790 1852 852 vi
1877 791 1942 854 de·

1102 910 1189 972 creti
1198 910 1357 973 caesarei
1369 913 1415 973 ad
1427 912 1568 994 lyceum
1581 911 1672 976 mitti
1684 910 1820 976 frustra
1832 931 1942 995 roga-

1101 1032 1198 1095 bant.
1229 1030 1341 1096 Simul
1366 1034 1593 1116 erogationes
1622 1034 1785 1098 insolitae
1820 1053 1942 1116 aeque

1101 1174 1143 1218 00
1171 1175 1275 1218 casus
1303 1157 1443 1226 adversi
1471 1156 1507 1220 in
1529 1166 1649 1221 tantas
1675 1157 1727 1219 rei
1749 1155 1941 1220 familiaris

1101 1277 1286 1359 angustias
1298 1278 1537 1360 Raigradium
1549 1280 1786 1360 adduxerunt,
1800 1288 1939 1342 111000-

1101 1399 1937 1481 11001111111100111111100111111100001010111110101111.

1102 1519 1154 1581 En
1170 1521 1273 1583 huius
1287 1523 1511 1584 documenta!
1534 1519 1696 1585 Solutum
1712 1521 1843 1605 ingens
1856 1541 1938 1603 pre·

1101 1641 1187 1704 tium
1219 1642 1358 1705 nomine
1389 1654 1497 1705 taxae
1529 1641 1808 1706 confirmationis
1841 1664 1937 1708 anno

1106 1767 1180 1842 1781
1199 1763 1382 1845 excipiunt
1394 1765 1659 1828 commissiones
1672 1765 1723 1828 sic
1738 1767 1860 1829 dictae
1879 1786 1936 1829 ca·

1101 1887 1276 1969 100110100,
1307 1888 1404 1967 apud
1431 1906 1495 1949 nos
1522 1906 1588 1968 per
1612 1888 1760 1970 longum
1789 1898 1936 1970 tempus

1102 2007 1302 2090 nostrisque
1323 2008 1524 2089 sumptibus
1544 2009 1759 2090 habitantes
1783 2031 1937 2092 quarum

1103 2129 1341 2192 decisionibus
1364 2150 1530 2213 magnam
1552 2132 1723 2195 iacturam
1745 2132 1814 2194 soli
1831 2153 1936 2216 agro·

1102 2270 1248 2332 rumque
1287 2252 1448 2316 fecimus,
1493 2253 1705 2316 Venduntur
1745 2274 1936 2336 cauponae

1103 2371 1410 2437 Ostrovacicensis
1431 2386 1467 2437 et
1481 2374 1776 2439 Domasoviensis
1801 2378 1850 2439 ad
1871 2377 1937 2439 eri·

1102 2496 1257 2578 gendam
1280 2497 1513 2577 capellaniam
1533 2497 1758 2571 Domasovii;
1784 2498 1936 2579 piscina,

1101 2618 1253 2680 Donava
1268 2628 1406 2698 vocata,
1424 2627 1586 2681 cassatur
1601 2619 1636 2680 in
1653 2619 1803 2702 eiusque
1819 2621 1936 2684 locum

1102 2759 1215 2802 novus
1227 2759 1344 2822 pagus
1354 2738 1620 2803 Othmarovium
1632 2741 1820 2804 adnomen
1833 2762 1939 2824 prae-

1102 2860 1208 2940 positi
1239 2861 1355 2925 dictus
1382 2862 1553 2926 conditur.
1588 2862 1761 2926 Crescunt
1787 2864 1938 2928 timores

1106 2987 1186 3061 1784
1197 2985 1243 3044 ob
1253 2985 1445 3065 subpressa
1458 2985 1651 3066 praecipua
1659 2986 1850 3050 Moraviae
1863 3008 1937 3050 mo-

1102 3105 1267 3186 nasteria,
1285 3106 1335 3167 uti
1350 3105 1642 3188 Zabrdovicense,
1655 3108 1832 3192 Lucense‚
1846 3108 1936 3172 Gra·

1103 3225 1246 3289 dicense
1254 3275 1263 3307 ,
1288 3227 1321 3288 V
1324 3227 1578 3309 clegradiense.
1609 3229 1829 3293 Residentia
1855 3232 1935 3314 Ry-

1101 3348 1341 3410 besovicensis
1361 3346 1506 3409 fulmine
1527 3348 1598 3411 icta
1617 3359 1694 3413 tota
1716 3350 1934 3435 conflagrat;

1101 3470 1267 3550 incipitur
1291 3489 1337 3532 ex
1361 3471 1529 3533 mandato
1557 3490 1724 3535 caesareo
1748 3474 1809 3536 via
1833 3478 1936 3558 regia

1101 3592 1221 3654 Bruna
1237 3610 1361 3654 versus
1378 3591 1584 3654 Bohemiam
1605 3613 1670 3673 per
1685 3593 1935 3678 Nigrofanum,

1101 3724 1137 3777 et
1160 3713 1241 3775 inde
1265 3733 1396 3796 magna
1419 3713 1522 3775 nobis
1545 3714 1692 3778 veniunt
1716 3716 1936 3780 detrimenta

1101 3834 1136 3895 in
1159 3835 1258 3896 silvis
1283 3846 1318 3897 et
1343 3835 1448 3917 agris.
1482 3835 1718 3900 Ostrovacicii
1743 3839 1857 3920 (1780)
1883 3840 1934 3903 in·

1101 3957 1198 4019 curia
1214 3957 1356 4019 scholae
1377 3958 1525 4021 rectoris
1541 3978 1710 4041 magnum
1726 3959 1934 4024 incendium

1101 4077 1264 4141 undecim
1277 4079 1400 4142 domos
1413 4100 1483 4143 una
1499 4101 1578 4143 cum
1594 4081 1728 4143 horreis
1742 4100 1934 4165 consump-

1100 4200 1155 4281 sit,
1173 4201 1292 4282 ibique
1308 4200 1404 4263 fures
1425 4202 1590 4284 sacrilegi
1607 4202 1777 4264 ciborium
1794 4214 1833 4266 et
1849 4205 1935 4267 cali-

1101 4342 1176 4385 cem
1208 4343 1253 4385 ex
1284 4323 1439 4385 sacrario
1474 4324 1626 4404 rapiunt.
1669 4323 1805 4387 Eodem
1839 4347 1935 4391 anno

1100 4456 1248 4526 propter
1267 4447 1457 4509 instantem
1480 4447 1662 4510 servitutis
1683 4448 1838 4529 (nomine
1855 4450 1935 4512 Ro-

1100 4570 1174 4649 bot)
1200 4568 1428 4630 abolitionem
1449 4567 1483 4628 in
1501 4568 1682 4649 proprium
1705 4573 1936 4635 commodum

1100 4690 1184 4752 villa
1204 4692 1279 4772 (seu
1295 4690 1415 4769 curtis)
1437 4690 1650 4754 monasterio
1669 4691 1787 4754 vicina
1807 4693 1937 4757 aedifi-

1100 4821 1209 4893 catur,
1235 4814 1327 4875 mola
1350 4832 1436 4875 vero
1460 4813 1521 4874 vix
1542 4811 1731 4876 aedificata
1755 4833 1827 4877 una
1851 4835 1935 4878 cum

1099 4937 1192 4997 mola
1211 4935 1370 4997 asserina
1390 4934 1463 4997 iure
1480 4934 1745 5018 emphyteutico
1761 4955 1842 4998 curn
1857 4956 1936 4999 ma-

1100 5076 1171 5139 gno
1198 5067 1319 5120 nostro
1348 5058 1476 5119 damno
1503 5057 1677 5121 venditur.
1708 5057 1817 5120 Anno
1850 5063 1933 5138 1787

1100 5179 1221 5241 schola
1247 5177 1397 5240 trivialis
1424 5177 1576 5256 erigitur.
1607 5178 1642 5240 A
1666 5198 1787 5242 mense
1811 5179 1934 5261 Aprili

1100 5300 1203 5363 huius
1227 5300 1309 5363 anni
1332 5299 1383 5363 sic
1405 5300 1538 5363 dictum
1561 5300 1800 5381 „Pauschale“
1823 5302 1934 5364 solvi-

1100 5433 1157 5484 tur
1180 5432 1217 5485 et
1235 5423 1330 5484 bona
1351 5432 1471 5484 nostra
1492 5423 1637 5485 decreto
1659 5423 1816 5485 caesaris
1832 5424 1935 5487 velut
