4222 6106
878 522 920 531 —
964 484 1149 548 LXXXV
1195 522 1235 530 —

187 721 297 792 atque
321 711 474 791 pedibus
499 711 739 773 consentirent
754 711 787 792 ¹).
833 710 933 791 Quae
957 732 1014 773 ars
1037 711 1214 773 scribendi
1238 710 1479 792 pingendique
1500 730 1568 772 non
1586 710 1699 773 minus
1715 711 1751 773 in
1767 709 1920 775 Slavicis

187 850 324 912 ordinis
347 851 459 913 nostri
482 850 704 912 monasteriis
727 852 963 913 exercebatur
978 870 1084 931 quam
1107 851 1142 912 in
1159 848 1357 912 Germanis.
1389 849 1478 912 Nam
1494 849 1787 930 pretiosissimum
1804 852 1920 913 Evan-

188 988 386 1070 geliarium,
410 1008 475 1069 per
498 991 592 1070 quod
616 991 794 1070 quondam
817 1009 922 1072 reges
947 989 1075 1052 Gallici
1098 989 1300 1051 diademate
1324 989 1437 1052 ornati
1466 990 1669 1053 iuraverant
1684 992 1723 1072 ²),
1756 991 1922 1053 tribuitur

188 1146 217 1188 s.
241 1126 419 1208 Procopio
452 1127 574 1188 abbati
602 1127 805 1189 monasterii
828 1129 874 1190 ad
898 1126 1081 1191 Sazavam.
1126 1127 1346 1190 Dietmarum
1375 1128 1618 1209 praepositum
1646 1129 1922 1192 Breunoviensis

188 1265 396 1328 monasterii
420 1276 547 1346 postea
570 1268 737 1329 abbatem
754 1266 1003 1330 Sazaviensem
1024 1268 1169 1330 annales
1194 1276 1338 1329 narrant
1362 1266 1418 1328 die
1435 1287 1476 1329 ac
1493 1279 1597 1329 nocte
1613 1268 1783 1330 immenso
1800 1270 1922 1332 labore

186 1403 446 1484 conscripsisse
483 1404 591 1466 libros
629 1405 799 1478 slavicos:
838 1406 1015 1487 iidemque
1053 1407 1200 1468 annales
1237 1406 1474 1468 Boletechum
1513 1406 1671 1468 eiusdem
1712 1408 1917 1471 monasterii

189 1544 360 1605 abbatem
385 1543 555 1624 optimum
578 1554 709 1606 vocant
732 1543 905 1624 pictorem
919 1547 953 1623 ³).
1000 1543 1092 1625 Quin
1120 1555 1239 1607 autem
1262 1544 1512 1607 monasterium
1536 1545 1803 1607 Blevnoviense
1827 1546 1921 1626 prin·

188 1702 279 1763 ceps
302 1703 324 1744 a
348 1681 495 1744 coloniis
526 1702 595 1744 non
627 1683 672 1744 sit
703 1692 923 1764 superatum,
952 1704 1021 1746 non
1050 1683 1246 1764 dubitatur,
1278 1685 1411 1766 quippe
1436 1686 1531 1764 quod
1555 1684 1705 1765 primum
1729 1684 1921 1747 Bohemiae

188 1820 419 1902 scriptorem,
448 1819 684 1883 Christianum
707 1823 934 1903 monachum,
969 1822 1003 1884 in
1028 1823 1100 1885 suis
1124 1832 1294 1884 numerat.
1341 1820 1565 1884 Clarissimus
1589 1822 1751 1884 Bavarus
1782 1823 1923 1903 (1294-

192 1961 289 2039 1322)
322 1960 434 2021 abbas
465 1971 578 2022 artem
608 1960 787 2023 scribendi
825 1960 944 2055 multis
979 1970 1014 2024 et
1045 1961 1184 2043 magnis
1213 1961 1381 2042 impensis
1410 1961 1546 2023 adiuvit
1559 1965 1593 2041 ⁴).
1639 1961 1680 2023 In
1709 1961 1923 2023 monasterio

187 2097 450 2181 Raigradiensi
484 2099 690 2179 praeposito
724 2100 860 2162 Thoma
891 2099 1014 2163 Gallus
1048 2101 1240 2163 monachus
1273 2100 1549 2163 Blevnoviensis
1584 2102 1695 2183 (1313)
1731 2102 1923 2183 pretiosum

187 2237 439 2318 Antiphonale
463 2237 617 2319 scripsit,
642 2238 789 2319 eiusque
805 2258 992 2302 successor
1007 2239 1112 2302 Vitus
1129 2239 1283 2302 confecit
1305 2239 1390 2301 illud
1407 2239 1626 2301 Breviarium
1643 2240 1924 2321 Benedictinum,

187 2377 290 2457 quod
313 2375 406 2437 iuste
429 2395 519 2456 opus
542 2376 758 2456 praecipuae
781 2376 867 2439 artis
890 2378 1088 2458 habetursl.
1135 2377 1261 2439 Artem
1292 2377 1467 2439 scribendi
1496 2388 1531 2439 et
1559 2378 1729 2460 pingendi
1758 2379 1865 2442 etiam
1889 2380 1923 2442 in

188 2515 364 2576 Polonico
379 2515 594 2577 monasterio
609 2514 797 2576 Tinecensi
814 2533 893 2575 esse
914 2514 1147 2578 exercitatam
1164 2516 1269 2596 plane
1286 2515 1419 2578 indicat
1435 2513 1636 2578 Stanislaus
1653 2514 1924 2599 Sczygcelski⁶).

188 2653 234 2715 In
257 2653 466 2734 Hungariae
498 2653 721 2716 monasteriis
753 2653 844 2714 hanc
872 2661 984 2715 artem
1015 2652 1146 2715 cultam
1177 2672 1256 2715 esse
1288 2655 1539 2734 comprobatur
1562 2655 1707 2736 vigente
1739 2656 1860 2718 schola
1890 2665 1926 2718 et

188 2791 296 2872 libro,
321 2791 381 2873 qui
404 2802 458 2855 est
482 2793 526 2855 de
553 2791 658 2872 „Vita
681 2811 727 2853 ss,
744 2793 913 2854 Andreae
937 2800 973 2853 et
995 2790 1214 2871 Benedicti“‚
1239 2812 1259 2852 a
1283 2811 1309 2853 s.
1334 2792 1460 2854 Mauro
1484 2793 1733 2874 conscriptor).

327 2930 548 3013 Quamquam
564 2931 660 3011 illud,
674 2932 768 3011 quod
784 2930 911 3012 ferunt,
928 2932 1023 2993 solos
1040 2931 1197 3010 clericos,
1215 2931 1384 3012 imprimis
1400 2931 1460 3013 qui
1479 2932 1592 2994 secuti
1609 2933 1680 2995 sint
1695 2952 1722 2994 s.
1740 2934 1926 2996 Benedicti

187 3070 365 3151 regulam,
389 3070 525 3132 artibus
549 3069 754 3132 liberalibus
771 3077 889 3131 aetate
906 3069 1022 3132 media
1038 3088 1117 3131 esse
1135 3069 1286 3149 deditos
1311 3089 1356 3131 ex
1377 3070 1471 3131 omni
1495 3080 1597 3152 parte
1621 3089 1689 3133 non
1715 3072 1882 3134 convenit
1891 3071 1925 3154 ⁸),

186 3218 315 3270 tamen
339 3228 472 3291 negare
496 3228 566 3271 non
589 3227 788 3290 possumuS,
816 3211 880 3271 hos
903 3209 1082 3290 simplices
1106 3211 1296 3272 monachos
1327 3208 1575 3271 ardentissimo
1607 3209 1723 3272 studio
1755 3230 1817 3273 eas
1848 3231 1926 3273 esse

187 3348 414 3428 complexos.
459 3349 636 3412 Rationes
660 3350 753 3411 enim
776 3348 953 3411 Libitinae
976 3367 1003 3412 s.
1029 3348 1127 3410 Petri
1150 3346 1352 3430 Salisburgi
1375 3357 1650 3410 commemorant
1674 3345 1866 3411 Geroldum
1892 3360 1927 3411 et

190 3486 403 3549 Udalricum
427 3487 594 3568 pictores,
619 3486 845 3549 Chunradum
867 3485 1065 3568 incisorem,
1090 3485 1289 3550 Ortliebum
1313 3495 1349 3549 et
1372 3486 1601 3548 Pertholdum
1625 3485 1797 3566 aurifices,
1821 3488 1927 3550 Hart-

187 3624 328 3687 liebum
352 3625 628 3706 carpentarium,
654 3623 878 3687 Guilielmum
902 3634 939 3687 et
961 3624 990 3686 F
992 3624 1178 3687 ridericum
1202 3624 1391 3705 lapicidas,
1420 3623 1615 3686 Erhardum
1638 3624 1838 3705 vitrarium,
1868 3625 1928 3706 qui

185 3782 320 3827 omnes
343 3763 379 3825 in
403 3763 463 3826 illo
487 3764 701 3826 monasterio
725 3774 900 3845 tempore,
932 3764 1028 3844 quod
1059 3763 1243 3826 interiacet
1272 3763 1364 3825 inter
1386 3782 1515 3825 annum
1544 3768 1625 3825 1160
1647 3774 1683 3826 et
1711 3767 1808 3843 1250,
1833 3773 1927 3826 artes

184 3912 433 3967 exercuerunt
447 3905 481 3982 ⁹).
527 3901 756 3964 Thiemonem
781 3903 948 3963 abbatem
972 3912 1007 3963 et
1031 3900 1352 3982 archiepiscopum,
1377 3901 1437 3981 qui
1460 3902 1553 3963 bello
1577 3921 1642 3982 pro
1664 3900 1735 3964 fide
1759 3910 1927 3982 suscepto

192 4063 280 4104 1102
307 4051 442 4123 martyr
465 4040 648 4121 occubuit,
678 4060 747 4102 non
779 4041 891 4102 solum
922 4039 957 4102 in
988 4048 1127 4121 septem
1157 4039 1293 4102 artibus
1321 4039 1542 4118 liberalibus,
1575 4040 1639 4102 sed
1663 4039 1769 4102 etiam
1792 4040 1828 4102 in
1851 4050 1938 4129 arte

182 4179 379 4264 pingendi,
403 4199 465 4241 aes
487 4178 667 4261 fundendi,
693 4179 878 4261 sculpendi
901 4178 1011 4242 fuisse
1027 4177 1208 4260 artificem,
1232 4178 1372 4262 magnis
1394 4179 1558 4241 laudibus
1583 4179 1694 4260 effert,
1719 4179 1778 4260 qui
1801 4179 1927 4241 librum

186 4393 381 4403 ——-....—-——-
396 4393 507 4400 --.--—-

327 4532 348 4612 ¹)
372 4534 486 4609 Egger,
510 4529 834 4589 Geschichtschreiber
856 4548 915 4585 von
938 4529 1035 4585 Tirol.

325 4645 349 4726 ²)
372 4647 483 4715 Dudik‚
509 4646 640 4721 Raigcrn
663 4644 681 4701 l.
707 4665 733 4701 c.

326 4759 351 4840 ³)
373 4762 546 4818 Chronicon
569 4757 762 4816 Sazaviense.

327 4873 351 4953 4)
375 4873 584 4949 Ziegelbauer‚
608 4872 722 4928 Histor.
748 4870 962 4926 Blevnoviens.

327 4985 351 5066 ⁵)
374 4987 486 5054 Dudik‚
511 4986 642 5060 Raigem
666 4983 684 5040 l.
708 5001 734 5039 c.

327 5096 351 5178 6)
374 5099 575 5177 Ziegelbauer
598 5097 615 5154 l.
641 5115 667 5153 c.
692 5097 728 5152 ll.

328 5213 351 5295 7)
373 5217 483 5273 Czinar
506 5213 524 5270 l.
548 5233 574 5271 c.

329 5323 532 5408 ⁶)Springer,
557 5326 604 5384 De
627 5321 792 5380 artificibus
816 5320 969 5377 monachis
993 5332 1022 5374 et
1046 5318 1130 5375 laicis
1154 5318 1242 5374 medii
1264 5319 1340 5373 aevi.

328 5441 352 5521 9)
374 5443 508 5519 Sighart,
531 5440 629 5500 Maler
652 5436 712 5495 und
735 5435 897 5493 Malereien
922 5433 975 5489 des
998 5431 1186 5488 Mittelalters
1210 5432 1247 5486 im
1272 5427 1553 5504 Salzburgerlande.
