4252 6112
923 438 1202 504 -216—

193 657 258 700 sua
273 638 428 701 omnium
449 656 591 701 suorum
611 637 865 720 discipulorum
886 636 1022 699 animos

192 760 242 823 ita
268 759 336 822 sibi
358 760 573 843 conciliavit,
598 770 636 823 ut
660 780 763 824 nemo
787 759 834 823 sit
856 760 1022 823 inventus

193 881 252 964 qui
267 883 505 946 reverentiam
521 893 558 946 et
569 894 712 966 gratum
725 882 880 946 animum
895 882 946 945 illi
962 884 1022 946 de·

191 1015 351 1089 negaret.
383 1005 466 1068 Fuit
487 1005 578 1068 enim
594 1026 701 1068 verus
722 1004 939 1068 studentium
959 1024 1023 1087 pa·

192 1137 261 1208 ter,
293 1127 499 1211 indigentiis
527 1146 647 1191 eorum
669 1127 926 1209 temporalibus
952 1146 1023 1190 non

192 1249 318 1313 minori
335 1270 418 1313 cura
434 1249 664 1312 sublevandis
687 1249 854 1330 intentus,
879 1269 921 1312 ac
942 1268 1023 1331 pro-

193 1372 333 1454 gressui
350 1391 469 1434 eorum
482 1372 517 1434 in
531 1371 692 1435 doctrina
704 1380 740 1434 et
753 1390 888 1434 morum
905 1371 1023 1453 probi-

192 1502 268 1556 tate
300 1494 505 1574 consulens,
536 1493 620 1556 licet
650 1493 860 1575 plerumque
886 1491 1024 1555 infirma

192 1615 397 1679 valetudine
413 1625 450 1678 et
465 1617 558 1679 malo
569 1615 723 1698 gutturis
734 1614 771 1678 in
787 1614 910 1697 primis
925 1614 1023 1677 labo·

192 1757 284 1801 rans.
309 1737 425 1819 Quum
443 1758 535 1801 anno
555 1744 636 1818 1849
653 1737 853 1801 institutum
868 1737 1023 1819 philoso-

192 1862 335 1943 phicum
352 1881 422 1924 una
439 1881 518 1925 cum
534 1861 585 1925 sic
598 1860 703 1923 dictis
716 1860 889 1923 classibus
901 1861 1023 1923 huma·

191 1983 351 2046 nioribus
372 1982 407 2046 in
430 1983 676 2067 „gymnasium
697 1982 879 2066 superius“
905 1982 1022 2045 eleva-

190 2115 297 2187 retur,
319 2115 403 2169 tunc
420 2105 601 2187 professor
616 2105 808 2169 Kaliwoda
830 2105 937 2167 etiam
957 2104 1022 2166 lin-

192 2247 300 2310 guam
317 2237 352 2290 et
368 2227 602 2291 litteraturam
616 2228 785 2290 slavicam
802 2229 1021 2291 edocendam

192 2350 361 2433 suscepit,
378 2360 434 2413 ast
450 2371 560 2434 aegra
572 2350 775 2414 valetudine
791 2350 932 2413 blandis
948 2369 1022 2412 mu-

192 2473 241 2535 sis
258 2485 294 2535 et
310 2473 462 2536 dilectae
478 2473 654 2536 iuventuti
673 2473 869 2536 litterarum
890 2472 1023 2535 studio-

193 2614 254 2658 sae
270 2595 470 2658 valedicere
488 2605 642 2676 coactus,
660 2596 706 2657 ad
720 2594 826 2658 finem
843 2595 926 2657 anni
943 2599 1024 2657 1850

192 2719 238 2780 ad
254 2718 506 2781 monasterium
517 2717 717 2783 revertitur.
741 2719 848 2781 Anno
861 2717 1024 2799 sequenti

192 2860 213 2902 a
233 2859 355 2903 mense
370 2840 467 2903 Maio
488 2842 534 2903 ad
554 2839 660 2903 finem
675 2839 885 2903 Decembris
901 2839 1023 2902 Nosis·

191 2962 307 3026 laviae
324 2963 427 3026 amici
443 2963 497 3026 sui
511 2963 620 3026 Teslk
636 2962 783 3046 parochi
795 2962 874 3026 vice
890 2962 925 3025 in
939 2982 1023 3025 cura

192 3085 387 3149 animarum
402 3085 629 3170 fungebatur,
648 3107 727 3150 cum
743 3086 802 3148 ille
818 3087 865 3148 ob
882 3084 1022 3148 infirmi·

191 3219 302 3273 tatem
322 3209 460 3272 balneis
477 3207 873 3292 Graefenbergensibus
893 3208 945 3271 uti
966 3228 1022 3271 co·

191 3343 344 3415 geretur.
368 3333 504 3394 Redux
523 3332 696 3414 magister
711 3330 923 3394 novitiorum
941 3351 1023 3394 con·

191 3454 349 3517 stituitur
366 3464 402 3517 et
414 3474 505 3517 anno
524 3459 603 3533 1854
621 3465 703 3537 post
719 3454 855 3517 obitum
867 3453 1023 3516 Victoris

191 3577 333 3640 abbatis
361 3599 411 3641 22.
432 3577 523 3641 Nov.
547 3577 657 3659 legali
680 3576 793 3639 forma
818 3577 912 3639 votis
937 3596 1023 3638 una-

191 3699 293 3761 nimis
310 3701 423 3762 abbas
436 3700 562 3762 tertius
575 3698 850 3781 Raigradiensis
864 3707 919 3761 est
931 3699 1022 3760 elec·

191 3830 265 3902 tus,
290 3821 389 3884 cuius
414 3821 599 3904 dignitatis
623 3840 731 3884 onera
756 3820 824 3883 iam
848 3839 913 3902 per
937 3839 1022 3900 qua·

192 3943 353 4006 drantem
384 3944 535 4027 saeculi,
566 3945 724 4027 corporis
752 3942 954 4006 infirmitate
986 3951 1022 4005 et

192 4065 300 4127 variis
326 4076 525 4150 temporum
556 4067 756 4130 infortuniis
788 4085 1020 4147 curarumque

192 4186 416 4249 multitudine
432 4188 527 4249 haud
540 4208 609 4250 una
622 4187 701 4250 vice
718 4206 922 4269 oppressus,
939 4186 1022 4248 forti

192 4310 375 4391 hucusque
407 4319 584 4372 sustentat
614 4310 741 4371 animo
776 4309 846 4370 Per
876 4309 1022 4390 longum

191 4432 301 4493 hocce
318 4431 472 4513 spatium
487 4449 558 4492 non
575 4431 687 4492 solum
701 4430 935 4492 omnimodam
952 4428 1021 4491 fra-

192 4563 284 4617 trum
301 4554 507 4638 indigentiis
528 4562 565 4615 et
585 4553 745 4616 internae
770 4553 894 4614 domus
911 4552 1021 4614 direc-

191 4676 279 4738 tioni
291 4676 453 4739 adhibuit
465 4696 595 4758 curam,
609 4677 673 4738 sed
685 4675 799 4758 magis
812 4674 905 4736 illam
915 4674 1021 4736 etiam

191 4800 238 4862 ad
250 4809 376 4863 extera
388 4799 534 4882 negotia
542 4798 650 4860 variis
662 4798 698 4860 in
712 4798 853 4861 casibus
867 4798 901 4860 in
915 4799 1022 4860 rebus

191 4920 356 5002 politicis,
366 4920 400 4982 in
410 4921 636 5002 susceptione
645 4919 876 5002 hospitum,in
885 4919 1022 4982 ratione

191 5046 322 5127 agendi
334 5065 414 5108 cum
426 5044 695 5128 magistratibus
703 5044 826 5106 mirum
836 5044 871 5106 in
880 5045 1022 5106 modum

193 5170 424 5247 spectandam
441 5169 531 5230 adeo
545 5169 720 5250 praebuit,
738 5177 776 5230 ut
792 5168 907 5229 nullus
923 5176 1022 5229 ante·

194 5305 371 5351 cessorum
396 5289 463 5370 ipsi
487 5310 565 5371 par,
590 5289 667 5371 ipse
695 5289 857 5351 omnibus
881 5287 1022 5370 dignior

193 5410 365 5474 videatur.
390 5411 572 5475 Moraviae
595 5411 756 5474 ordinum
778 5410 936 5473 conciliis
957 5429 1021 5491 per

1102 648 1183 701 octo
1205 658 1376 702 annorum
1398 641 1586 703 decursum
1606 641 1771 705 assidens
1794 641 1880 706 forti
1901 655 1936 709 et

1102 759 1236 824 invicto
1266 761 1384 824 animo
1415 761 1491 825 iura
1518 765 1793 828 conservativae
1824 766 1934 847 partis

1103 901 1244 964 semper
1255 885 1432 967 tuebatur,
1448 885 1553 948 nullis
1563 885 1694 950 illectis
1706 907 1827 969 neque
1838 889 1934 953 blan·

1103 1005 1198 1069 ditiis
1232 1026 1348 1088 neque
1378 1008 1704 1090 pollicitationibus.
1742 1011 1786 1074 In
1814 1011 1933 1093 primis

1103 1147 1187 1191 vero
1208 1149 1280 1210 qua
1299 1139 1441 1193 curator
1459 1129 1611 1194 instituti
1631 1133 1931 1197 surdo-mutorum

1104 1250 1161 1331 (ab
1177 1269 1270 1313 anno
1290 1253 1470 1333 1859-73)
1492 1253 1572 1334 plus
1593 1273 1664 1317 una
1678 1252 1758 1317 vice
1780 1254 1818 1317 in
1839 1255 1933 1320 favo-

1103 1391 1176 1435 rem
1203 1373 1306 1436 huius
1332 1373 1485 1437 instituti
1511 1393 1673 1438 sermone
1703 1379 1934 1458 praecellenti

1104 1513 1230 1557 sensus
1260 1504 1469 1578 mentesque
1499 1516 1685 1579 procerum
1713 1498 1750 1561 in
1778 1500 1933 1564 conciliis

1103 1619 1347 1700 pertractabat
1367 1628 1475 1699 atque
1501 1618 1552 1681 ita
1573 1617 1706 1702 effecit,
1733 1632 1774 1684 ut
1798 1623 1845 1685 ad
1866 1643 1933 1686 am·

1103 1741 1284 1822 pliandum
1301 1740 1453 1804 instituti
1469 1741 1572 1804 huius
1587 1741 1790 1806 aedificium
1806 1764 1933 1828 magna

1102 1863 1255 1945 pecunia
1269 1861 1423 1926 10.ooofl.
1434 1865 1698 1946 concederetur,
1707 1863 1934 1930 fundationes

1101 1984 1236 2065 fierent,
1246 1984 1375 2047 salaria
1387 1995 1613 2067 augerentur,
1622 1986 1799 2050 institutio
1811 1987 1848 2051 in
1861 1999 1933 2051 arte

1102 2107 1268 2190 gymnica
1281 2107 1412 2170 ibidem
1425 2107 1718 2172 introduceretur.
1731 2108 1873 2190 Quibus
1884 2130 1933 2173 re·

1101 2232 1169 2292 bus
1185 2250 1255 2292 non
1271 2230 1383 2292 solum
1400 2229 1636 2293 omnimodam
1649 2231 1786 2313 primus
1801 2251 1867 2313 pro
1882 2231 1929 2295 in·

1101 2353 1226 2415 stituto
1246 2353 1356 2415 hocce
1379 2351 1541 2415 incitavit
1563 2352 1785 2435 industriam,
1810 2374 1929 2417 verum

1103 2474 1210 2538 etiam
1219 2475 1254 2536 in
1262 2473 1931 2558 animishominumingenuorumaeque

1103 2617 1145 2660 ac
1168 2597 1466 2659 surdo-mutorum
1490 2606 1629 2679 gratam
1653 2597 1707 2660 sui
1730 2598 1931 2662 memoriam

1103 2718 1255 2800 reliquit.
1279 2717 1335 2782 Ob
1352 2720 1572 2800 praeclaram
1594 2718 1629 2781 in
1646 2720 1774 2782 domus
1794 2731 1931 2783 nostrae

1103 2840 1342 2904 moderamine
1363 2838 1626 2903 manifestatam
1646 2843 1876 2920 prudentiam
1895 2860 1931 2904 ac

1103 2963 1355 3026 dexteritatem
1377 2981 1580 3044 supremum
1597 2964 1731 3027 ordinis
1747 2964 1929 3028 Teutonici

1103 3086 1311 3169 magistrum
1333 3085 1559 3149 archiducem
1579 3085 1864 3150 Maximilianum
1883 3086 1928 3151 vi·

1103 3230 1180 3271 rum
1196 3208 1353 3291 optimae
1369 3208 1559 3271 memoriae
1582 3228 1647 3272 nec
1668 3228 1740 3272 non
1760 3210 1838 3273 eius
1858 3229 1929 3273 suc·

1104 3350 1281 3394 cessorem
1296 3330 1523 3393 archiducem
1540 3328 1756 3393 Guilelmum
1773 3331 1809 3394 in
1824 3331 1928 3394 refor-

1103 3454 1232 3516 mando
1253 3453 1415 3516 instituto
1432 3454 1658 3515 sacerdotum
1679 3452 1815 3515 ordinis
1834 3472 1929 3536 prae

1102 3576 1167 3639 fati
1189 3586 1224 3638 et
1240 3576 1276 3638 in
1292 3575 1519 3638 elaborandis
1541 3575 1686 3638 statutis
1707 3576 1855 3640 consilio
1874 3576 1930 3639 ad-

1102 3699 1200 3762 iuvit.
1211 3697 1463 3779 Quaecumque
1472 3697 1648 3780 gravioris
1657 3698 1928 3762 momentifuere

1101 3840 1184 3904 pars
1201 3820 1251 3882 sic
1270 3819 1364 3882 dicta
1379 3819 1568 3882 nationalis
1589 3821 1842 3884 conservativa
1856 3819 1927 3882 Mo·

1101 3943 1222 4006 ravica
1242 3944 1322 4024 plus
1343 3962 1412 4005 una
1428 3942 1506 4005 vice
1527 3942 1603 4005 eius
1627 3941 1780 4005 subiecit
1804 3942 1928 4005 iudicio

1101 4085 1217 4146 neque
1230 4084 1337 4126 unum
1348 4064 1487 4126 exstitit
1496 4064 1693 4127 institutum
1702 4064 1929 4127 humanitatis

1102 4189 1136 4251 in
1153 4187 1336 4269 provincia
1351 4196 1482 4266 nostra,
1505 4187 1600 4268 quod
1623 4186 1799 4249 materiali
1819 4205 1929 4268 aeque

1102 4330 1143 4372 ac
1171 4308 1346 4390 spirituali
1373 4307 1551 4370 iuvamine
1582 4328 1652 4370 non
1678 4307 1929 4372 sublevaverit.

1101 4432 1193 4494 Hinc
1210 4430 1317 4526 etiam
1333 4429 1533 4512 principum
1548 4449 1662 4511 aeque
1683 4450 1726 4492 ac
1746 4448 1931 4511 procerum

1101 4554 1176 4616 iure
1192 4551 1387 4634 promeruit
1401 4553 1572 4614 honorem
1589 4562 1624 4614 et
1641 4551 1844 4615 amicitiam.
1869 4550 1931 4615 Ce-

1101 4688 1216 4738 terum
1232 4673 1437 4738 Guntherus
1459 4676 1573 4737 abbas
1594 4674 1697 4737 nobis
1713 4674 1931 4757 perdilectus

1102 4817 1241 4860 omnem
1258 4817 1364 4877 quam
1381 4797 1497 4878 potuit
1510 4816 1629 4859 curam
1643 4804 1679 4859 et
1691 4796 1872 4860 sollertem
1884 4797 1932 4860 in·

1103 4920 1273 4983 dustriam
1285 4919 1336 4981 rei
1349 4918 1597 4981 oeconomicae
1611 4929 1646 4981 et
1655 4919 1933 4982 necessitatibus

1101 5040 1306 5105 monasterii
1322 5040 1495 5122 impendit
1512 5049 1548 5102 et
1564 5040 1665 5123 larga
1680 5040 1931 5104 benedictione

1103 5163 1249 5226 coelesti
1270 5163 1474 5242 accedente,
1496 5159 1659 5224 aedificia
1678 5161 1779 5224 varia
1802 5162 1932 5245 partim

1102 5284 1313 5366 aedificavit,
1338 5284 1466 5367 partim
1483 5303 1529 5346 ex
1544 5282 1686 5366 integro
1705 5284 1933 5366 restauravit,

1102 5409 1152 5471 uti
1164 5429 1192 5472 e.
1200 5428 1252 5491 gr.
1261 5410 1402 5470 domum
1411 5417 1569 5470 nostram
1578 5405 1809 5489 Brunensem,
1819 5407 1935 5470 eccle·
