4222 6106
185 678 297 721 annos
317 659 501 739 podagrae
522 638 704 718 doloribus
727 654 881 719 afflictus
904 655 1012 738 pluri·

184 802 277 844 mum
300 779 472 862 temporis
493 780 539 841 ad
558 779 784 842 scribendum
809 778 959 842 contulit
975 788 1012 842 et

188 904 319 982 26161.
341 909 416 983 1781
437 902 595 984 piissime
611 901 709 966 obiit.

270 1044 368 1107 Libri
384 1043 593 1126 Hieronymi
609 1042 790 1124 Besange:

272 1191 294 1246 l.
311 1189 553 1245 Exercitationes
574 1187 736 1261 religiosae
756 1205 794 1241 ex
810 1205 834 1242 s.
851 1186 1011 1260 scriptura,

184 1316 209 1352 s.
219 1293 356 1371 patribus
369 1293 496 1366 aliisque
505 1289 726 1366 probatissimis
735 1286 936 1364 scriptoribus
949 1287 1012 1345 col·

186 1399 290 1455 lectae.
315 1395 433 1466 Quibus
453 1395 571 1452 accedit
592 1395 737 1450 historica
759 1394 958 1469 pertractatio
983 1405 1013 1448 et

185 1503 346 1578 explicatio
363 1504 481 1567 rituum,
503 1497 613 1575 quibus
633 1519 657 1556 s.
679 1498 809 1555 ecclesia
831 1500 922 1553 certis
942 1499 1012 1553 anni

185 1605 372 1682 temporibus
393 1620 423 1661 61
444 1606 571 1660 maxime
591 1600 823 1659 solemnioribus
844 1600 928 1658 festis
949 1600 1012 1657 die-

184 1711 241 1768 bus
265 1714 369 1777 utitur,
395 1728 452 1765 una
476 1728 541 1765 cum
566 1707 723 1773 methodo,
748 1706 852 1762 eadem
876 1718 1014 1782 tempora

184 1815 369 1890 eosdemque
387 1814 480 1871 festos
496 1813 561 1870 dies
582 1812 619 1868 ad
637 1826 763 1868 mentem
787 1812 936 1869 ecclesiae
956 1814 1013 1868 rite

185 1919 359 1998 peragendi.
374 1919 464 1975 'l'omi
478 1919 514 1974 ll.
529 1915 647 1993 Styrae.
665 1930 754 1991 1757.
768 1923 811 1989 4⁰.
826 1918 894 1973 min.
909 1914 971 1972 216
984 1929 1015 1972 et

185 2023 248 2100 4⁶4
264 2044 294 2100 1>-

272 2147 309 2203 11.
327 2144 513 2201 Introductio
530 2146 560 2199 in
571 2156 658 2199 vetus
671 2155 879 2199 testamentum
893 2144 1014 2200 critico·

186 2249 581 2315 hermeneuticohistorica,
603 2267 663 2323 qua
679 2246 847 2317 exhibetur,
869 2247 1014 2323 quidquid

187 2376 224 2413 ex
247 2376 271 2412 s.
297 2356 416 2411 Patrum
443 2353 631 2427 aliorumque
656 2351 842 2409 eruditorum
866 2354 1015 2408 sententia

186 2460 224 2516 ad
240 2461 399 2534 genuinum
417 2458 533 2514 litterae
549 2474 668 2512 sensum
681 2456 843 2512 eruendum
858 2455 959 2512 facere
970 2458 1015 2511 vi·

187 2565 283 2620 detur.
300 2563 448 2620 Volumen
460 2563 483 2617 1.
501 2563 658 2617 continens
670 2561 822 2635 generalia
835 2574 865 2616 et
878 2580 923 2629 ea,
937 2580 1016 2635 quae

189 2668 227 2725 ad
248 2666 342 2724 libros
362 2666 485 2739 legales,
511 2665 682 2731 6161611666,
706 2665 836 2721 61616166
859 2667 1015 2740 speciatim

188 2775 347 2848 pertinent.
365 2770 484 2845 Styrae.
506 2766 596 2842 1765.
614 2776 656 2841 4⁰.
674 2771 741 2825 mai.
759 2767 821 2842 648
838 2788 867 2845 p.

275 2895 328 2951 lll.
352 2894 538 2949 Introductio
559 2905 616 2949 etc.
637 2892 785 2950 Volumen
801 2893 840 2949 11.
863 2891 1015 2968 complec-

189 3015 255 3057 tens
271 3019 317 3066 ea,
339 3017 416 3074 quae
432 2996 469 3053 ad
487 2995 630 3053 librorum
648 2997 894 3073 propheticorum
910 2996 1016 3053 lectio·

190 3123 256 3161 nem
269 3105 429 3179 pertinent.
442 3100 561 3176 Styrae.
579 3098 669 3173 1765.
682 3107 725 3173 4⁰.
739 3103 807 3156 mai.
821 3097 924 3177 (1111161
939 3100 1016 3156 Got-

189 3208 337 3282 tingische
361 3206 495 3279 Anzeige
518 3223 578 3260 1611
600 3205 758 3279 gelehrten
780 3204 913 3271 Sachen,
947 3218 1015 3278 134.

187 3312 231 3370 St.
254 3308 355 3388 1765.)
375 3324 431 3383 711
453 3329 481 3385 p.

273 3434 323 3490 lV.
341 3430 516 3488 Fasciculus
533 3430 681 3504 myrrhae,
704 3429 849 3487 collectus
866 3450 903 3487 ex
919 3433 1014 3486 omni·

186 3537 242 3594 bus
258 3539 405 3611 angustiis
422 3550 451 3591 et
467 3533 624 3591 doloribus
645 3537 786 3610 patientis
807 3555 864 3610 pro
884 3535 1014 3591 humano

186 3663 299 3717 genere
323 3642 497 3703 6611616116,
519 3640 723 3714 complectens
744 3653 866 3715 praeter
886 3658 1015 3695 concor·

187 3747 253 3803 dem
275 3767 299 3803 6.
318 3747 367 3803 11.
385 3744 637 3819 evangelistarum
660 3746 859 3799 narrationem
882 3746 1016 3819 piissima

186 3872 325 3927 quaeque
346 3870 370 3905 s.
387 3861 504 3924 patrum
526 3861 556 3903 et
577 3848 724 3903 ecclesiae
741 3847 898 3904 doctorum
915 3867 1014 3913 sensa,

188 3975 265 4031 quae
285 3954 322 4009 de
338 3955 541 4009 sacratissima
557 3953 667 4008 Christi
684 3954 825 4027 passione
841 3955 969 4028 sparsim
987 3955 1015 4008 in

187 4062 308 4134 scriptis
322 4061 383 4113 suis
397 4056 567 4132 prodidere.
581 4058 655 4113 Pars
669 4057 705 4113 ll.
720 4056 838 4131 Styrae,
848 4056 1016 4132 typisGre-

186 4166 265 4238 gorii
282 4161 451 4218 hlenhardt.
475 4159 563 4234 1766.
582 4160 622 4216 8⁰.
641 4160 703 4232 804
721 4180 750 4236 p.

273 4268 308 4324 l'.
327 4267 389 4321 lles
406 4265 535 4338 heiligen
547 4264 699 4340 Johannes
711 4265 945 4339 Chrysostomus
959 4266 1016 4321 Er-

188 4366 514 4443 mahnungsscltreiben
536 4387 573 4423 an
590 4368 772 4424 Theodorus
794 4388 853 4424 von
874 4369 1016 4446 Mopsue-

187 4479 254 4541 stia,
284 4473 428 4530 nachdem
456 4471 597 4529 derselbe
624 4475 653 4528 in
676 4475 780 4529 66111611
804 4474 882 4529 noch
903 4472 1015 4548 jungen

186 4582 296 4658 Jahren
320 4599 387 4635 rom
410 4579 508 4652 Wege
533 4577 586 4633 des
610 4579 694 4634 Heils
721 4576 918 4651 abgewichen
942 4598 1014 4635 wat.

186 4686 216 4764 (i.
245 4706 270 4742 e.
304 4685 336 4740 S.
365 4685 486 4739 loannis
513 4683 720 4757 Chrysostomi
753 4681 790 4737 ad
818 4682 1014 4739 'l‘heodorum

187 4793 432 4866 Mopsucstcnum
443 4784 612 4864 epistolae.)
629 4787 678 4842 Ins
689 4787 842 4843 Deutsche
854 4784 1014 4844 6116166161.

187 4896 286 4970 Steyr,
310 4908 399 4968 1773.
422 4891 464 4949 8⁰.
489 4888 608 4968 (Versio
629 4892 704 4947 haec
725 4911 743 4947 a
762 4890 955 4948 versionibus
971 4893 1014 4948 lo.

186 4998 317 5074 Adolphi
332 4997 493 5071 Schlcgelii
507 4995 603 5072 probe
616 4995 826 5070 distinguenda
837 4992 903 5073 est.)
918 5011 975 5069 124
986 5016 1015 5072 p.

274 5102 324 5158 1'1.
343 5101 528 5158 Introductio
545 5103 574 5156 in
590 5115 694 5157 sancta
710 5101 760 5157 11⁷.
774 5101 940 5175 evangelia,
957 5103 1015 5157 cri·

188 5204 659 5271 tico-lrermeneutico-historica,
677 5225 736 5280 qua
749 5203 916 5271 exhibetur,
930 5204 1016 5279 quid-

189 5308 259 5382 quid
284 5328 320 5363 ex
344 5329 367 5364 s.
389 5323 505 5383 patrum
528 5311 717 5384 aliorumque
742 5308 925 5365 eruditorum
947 5329 1015 5366 sen-

189 5415 282 5468 tentia
308 5412 345 5467 ad
372 5414 532 5487 genuinum
559 5414 677 5470 litterae
704 5434 823 5470 sensum
852 5414 1014 5470 eruendum

1034 471 1185 521 20-

1092 660 1195 716 166616
1207 659 1335 716 videtur.
1349 661 1494 727 Venetiis,
1508 662 1588 737 typis
1600 660 1722 718 Antonii
1732 663 1816 717 Zata.
1834 674 1923 735 1775.

1093 772 1136 838 4⁰.
1153 766 1222 821 mai.
1242 762 1302 838 756
1319 783 1348 840 p.

1178 869 1245 926 Vll.
1269 869 1327 925 Die
1348 868 1452 926 sieben
1473 870 1688 945 Busspsalmen
1710 884 1823 927 sammt
1843 873 1926 927 einer

1091 971 1339 1029 buchstdblichen
1360 973 1532 1048 Erklr'trung
1554 976 1605 1030 mit
1624 975 1776 1031 sittlichen
1798 975 1927 1031 Anmer·

1093 1077 1214 1151 kungen
1234 1076 1390 1151 begleitet,
1415 1097 1480 1134 zum
1501 1078 1615 1135 Bebufe
1640 1078 1714 1136 aller
1738 1077 1926 1154 derjenigen,

1090 1180 1140 1237 die
1152 1181 1324 1254 Verlangen
1341 1194 1458 1255 tragen,
1475 1181 1552 1239 Gott
1567 1186 1615 1239 ein
1627 1183 1854 1241 zerknirschtes
1867 1182 1926 1239 und

1092 1286 1336 1361 gedemuthigtes
1365 1287 1444 1343 Herz
1471 1286 1673 1345 darzubieten.
1702 1285 1732 1365 (i.
1756 1307 1784 1345 e.
1813 1288 1927 1345 Psalmi

1093 1374 1323 1467 poenitentiales
1336 1393 1416 1448 notis
1429 1389 1588 1469 illustrati.)
1600 1391 1759 1467 Salzburg.
1776 1390 1870 1466 1776.
1885 1391 1928 1450 8⁰.

1099 1509 1154 1567 131
1176 1515 1205 1571 p.

1180 1599 1261 1656 Vlll.
1279 1598 1429 1675 Synopsis
1444 1602 1526 1656 vitae
1543 1599 1754 1675 religiosorum
1773 1602 1813 1658 Ο.
1832 1622 1857 1658 6.
1871 1603 1929 1658 Be·

1093 1702 1214 1770 nedicti,
1232 1702 1392 1760 Cremifani
1407 1703 1624 1779 professorum,
1634 1705 1684 1780 qui
1697 1703 1735 1761 ab
1748 1724 1830 1762 anno
1848 1703 1929 1779 1769

1093 1828 1190 1883 usque
1211 1821 1289 1882 1777
1309 1811 1358 1884 pie
1374 1811 1403 1865 in
1416 1810 1546 1865 Domino
1563 1808 1692 1866 defuncti
1709 1822 1790 1867 sunt.
1808 1808 1930 1886 Styrae.

1099 1911 1354 1989 1111866111·
1936 2006 1941 2013 ⁸

1181 2016 1930 2075 IX.SelectahistoriaeCremifanensissivecom·

1094 2121 1241 2197 pendiosa
1256 2121 1421 2197 descriptio
1437 2120 1579 2178 abbatum
1596 2135 1653 2179 etc.
1675 2120 1798 2198 Scripta
1819 2122 1858 2179 ad
1879 2141 1930 2179 so·

1095 2227 1278 2283 lemnitatem
1302 2227 1495 2282 millenariam
1520 2245 1599 2283 anno
1627 2240 1705 2301 1777
1732 2225 1929 2285 celebratam.

1095 2331 1203 2396 Lindi,
1221 2333 1302 2407 typis
1317 2331 1597 2404 Feichtingerianis
1615 2338 1659 2404 4⁰.
1676 2345 1715 2403 32
1735 2350 1764 2407 p.

1182 2437 1219 2491 X.
1237 2435 1259 2492 1.
1277 2436 1310 2491 B.
1327 2437 1471 2490 liossuets
1488 2432 1689 2508 Abhandlung
1710 2454 1772 2491 von
1794 2434 1930 2492 116166-

1096 2541 1240 2613 niessung
1261 2539 1314 2594 des
1335 2538 1465 2612 heiligen
1486 2537 1687 2595 Abendmales
1711 2553 1800 2595 611161
1820 2537 1930 2596 beiden

1096 2642 1263 2700 Gestalten.
1288 2639 1318 2720 (i.
1340 2664 1367 2699 e.
1392 2644 1414 2699 l.
1432 2644 1464 2699 13.
1482 2644 1620 2699 Bossueti
1641 2642 1718 2699 liber
1738 2642 1777 2699 de
1794 2662 1931 2700 commu·

1096 2749 1185 2803 nione
1211 2745 1268 2804 sub
1295 2760 1423 2821 utraque
1449 2749 1552 2823 specie
1576 2746 1757 2804 Germanico
1786 2747 1931 2804 idiomate

1096 2848 1251 2929 redditus.)
1271 2851 1335 2907 Aus
1350 2850 1417 2907 dem
1435 2852 1674 2908 FrartzOsischen
1695 2850 1851 2908 iibersetzt
1873 2851 1932 2908 und

1096 2957 1149 3012 mit
1176 2956 1337 3030 wiehtigcn
1365 2954 1480 3011 Stellen
1510 2975 1566 3011 aus
1596 2955 1653 3011 den
1684 2956 1934 3030 angesehensten

1096 3058 1333 3116 Schriftstellern
1350 3058 1505 3134 begleitet.
1522 3059 1622 3117 Wien.
1644 3075 1733 3135 1771).
1752 3061 1796 3119 8⁰.
1818 3077 1883 3135 392
1901 3082 1937 3138 p.

1181 3165 1234 3220 XI.
1253 3163 1439 3220 introductio
1456 3166 1484 3219 in
1500 3177 1568 3219 acta
1583 3165 1794 3240 apostolorum
1808 3168 1940 3223 critico·

1095 3269 1498 3333 hermcneutico·historica‚
1517 3288 1576 3343 qua
1592 3267 1764 3337 exhibetur,
1783 3271 1939 3347 quidquid

1095 3393 1132 3430 ex
1149 3392 1173 3429 6.
1188 3386 1304 3448 patrum
1319 3387 1376 3429 etc.
1394 3373 1440 3428 lix
1454 3373 1665 3448 typographeo
1681 3392 1705 3430 r.
1719 3376 1738 3430 i.
1752 3378 1937 3433 monasterii

1094 3498 1119 3535 6.
1137 3477 1304 3534 5611616116
1325 3478 1445 3552 Papiae.
1468 3483 1509 3549 4⁰.
1532 3479 1600 3534 mai.
1622 3491 1685 3551 371)
1709 3498 1738 3554 p.
1870 3462 1876 3471 ⁸

1182 3603 1343 3657 Praeterea
1359 3601 1609 3657 introductionem
1627 3603 1695 3658 ins.
1713 3603 1797 3658 Pauli
1815 3606 1931 3680 episto·

1095 3707 1139 3763 166
1156 3705 1362 3780 imperfectam
1379 3704 1508 3779 reliquit.

1182 3902 1391 3977 Bezdieka
1433 3917 1672 3997 Anselmus,
1717 3917 1922 3980 bohemus

1095 4033 1403 4096 Piibramensis
1435 4033 1695 4115 (Emautinus
1718 4034 1922 4099 Montser·

1096 4156 1310 4237 ratensis),
1345 4166 1450 4217 natus
1486 4161 1575 4238 1782,
1613 4156 1799 4238 professus
1835 4163 1923 4241 1866,

1096 4279 1286 4359 presbyter
1313 4277 1496 4340 ordinatus
1527 4282 1617 4358 1866,
1653 4290 1815 4342 61611666
1847 4284 1925 4360 18³9

1096 4401 1247 4480 Pragae,
1269 4399 1403 4481 primus
1420 4399 1601 4480 professor
1617 4399 1784 4463 classium
1805 4403 1925 4465 huma·

1096 4522 1218 4600 nitatis
1235 4522 1269 4583 in
1286 4521 1473 4604 gymnasio
1490 4521 1723 4584 Benedictino
1736 4522 1926 4587 Emautino

1095 4643 1131 4706 in
1148 4643 1292 4706 civitate
1308 4643 1530 4706 Klattoviae.

1182 4788 1280 4862 'l‘ypis
1305 4787 1397 4843 edidit
1419 4806 1497 4843 anno
1523 4786 1686 4860 1812-15
1711 4806 1834 4844 carmen
1857 4788 1927 4863 lyri-

1096 4911 1161 4949 cum
1178 4905 1208 4947 et
1224 4893 1391 4947 orationem
1407 4890 1507 4966 lingua
1520 4892 1628 4947 Latina
1640 4891 1688 4947 die
1704 4891 1927 4962 sollemnitatis,

1095 5017 1161 5053 cum
1174 4995 1270 5053 abbas
1281 4996 1456 5051 Emautinus
1470 4995 1670 5071 amplissimus
1683 4995 1824 5053 dominus
1835 4975 1928 5054 661116

1096 5100 1282 5176 Leopoldus,
1305 5114 1410 5156 orator
1430 5120 1448 5155 6
1468 5102 1564 5156 sacris
1585 5114 1616 5155 et
1635 5100 1832 5174 organoedus
1849 5103 1928 5159 cele·

1095 5206 1255 5268 berrimus,
1266 5207 1380 5280 primos
1390 5204 1582 5280 professores
1592 5202 1805 5262 benedictinos
1815 5206 1928 5263 Emau·

1096 5312 1175 5365 tinos
1191 5311 1219 5364 in
1235 5311 1392 5382 gymnasio
1410 5309 1582 5364 lilattoriae
1598 5308 1776 5377 introduxit;
1800 5329 1928 5388 compo·

1095 5415 1154 5470 suit
1181 5415 1269 5469 etiam
1292 5412 1401 5469 multos
1428 5414 1554 5489 hymnos
1579 5413 1706 5470 Latinos
1728 5414 1767 5470 ad
1792 5414 1927 5473 officium
