4252 6112
922 465 1203 533 „132-

192 648 400 710 dehortatus
413 655 478 710 est.
494 646 634 709 Rumor
650 647 834 710 insolentis
850 647 936 712 facti
953 657 1023 711 tar·

192 769 270 831 dius
286 769 332 831 ad
349 788 454 831 aures
470 769 612 831 abbatis
634 770 774 832 delatus
795 770 950 833 animum
971 771 1023 852 ip·

191 892 264 954 sius
289 892 520 954 vehementer
543 889 685 973 afflixit,
714 892 880 973 deposuit
904 901 1022 956 autem

191 1032 396 1094 maerorem,
413 1022 604 1094 postquam
617 1032 739 1075 omnes
751 1022 873 1095 patres
886 1015 1022 1096 capitu-

190 1137 284 1199 lares
308 1155 368 1199 ore
392 1145 428 1198 et
451 1135 587 1197 calamo
611 1135 803 1198 contestati
826 1145 918 1218 sunt,
943 1156 1022 1200 sese

191 1259 294 1321 huius
321 1257 406 1320 facti
434 1277 500 1320 nec
528 1257 703 1340 conscios,
735 1278 800 1321 nec
827 1269 1021 1340 consortes,

192 1383 302 1445 multo
329 1380 443 1443 minus
470 1379 701 1462 instigatores
726 1379 852 1455 fuisse;
881 1391 917 1447 et
943 1382 1022 1465 ipse

191 1504 301 1567 falsus
328 1510 515 1566 accusator
541 1503 681 1565 traditis
713 1524 747 1584 p.
776 1505 912 1599 decano
944 1503 1022 1566 istis

191 1627 305 1690 nuntii
320 1625 506 1706 apostolici
519 1625 703 1706 rescriptis
715 1625 851 1707 litteris,
869 1644 1022 1688 errorem

191 1749 385 1829 confessus,
406 1746 549 1809 veniam
571 1747 749 1810 humiliter
772 1747 890 1829 petiit,
915 1758 1023 1830 atque

191 1873 237 1934 ab
255 1869 562 1953 indulgentissimo
582 1879 685 1949 patre
705 1889 776 1933 non
790 1870 883 1933 hanc
899 1872 1022 1952 solum,

192 1997 256 2057 sed
284 2004 320 2057 et
347 1993 562 2056 oblivionem
586 2002 706 2055 reatus
730 1993 783 2055 sui
807 1992 1022 2074 impetravit,

191 2115 383 2181 honorifico
412 2114 530 2179 officio
558 2136 665 2197 supra
692 2116 834 2198 merita,
866 2116 1022 2198 benigne

190 2239 304 2321 magis
321 2233 427 2321 qu'am
451 2238 542 2300 iuste
563 2238 726 2300 admotus
747 2237 866 2319 illique
884 2238 1022 2301 immor-

190 2372 282 2425 tuus.
310 2359 610 2442 Suppressionem
634 2360 817 2424 societatis
838 2360 919 2424 Iesu
942 2381 1021 2444 gra-

190 2484 283 2547 viter
294 2485 488 2564 maerebat,
500 2502 610 2564 saepe
622 2482 862 2566 ingeminans:
881 2481 941 2565 „Si
954 2483 1021 2546 hoc

192 2606 228 2669 in
242 2605 348 2668 viridi
368 2604 477 2687 ligno,
502 2604 538 2667 in
553 2604 652 2667 arido
670 2605 755 2686 quid
770 2603 872 2667 fiet?“
901 2604 1021 2668 Facile

191 2728 284 2792 enim
315 2714 463 2790 ominari
494 2726 645 2808 quisque
676 2728 834 2808 prudens
869 2737 1020 2810 poterat,

192 2849 320 2914 ceteris
350 2849 535 2932 quibusvis
564 2849 740 2932 religiosis
771 2849 1021 2912 sodalitatibus

191 2981 388 3035 extremum
404 2972 576 3034 malorum
592 2970 915 3053 pertimescendum
931 2992 1021 3036 esse.

190 3094 395 3158 Acerrimus
421 3094 613 3177 religionis,
641 3113 765 3157 sacrae
791 3095 1021 3176 hierarchiae,

191 3218 226 3281 in
241 3218 365 3299 primis
386 3217 559 3298 primatus
581 3216 677 3280 sedis
692 3217 880 3280 Romanae
901 3218 1022 3280 adser-

190 3350 246 3404 tor
261 3342 373 3403 abbas
389 3339 566 3402 Martinus
582 3340 684 3420 plura
700 3339 736 3400 in
756 3359 834 3401 eam
854 3358 929 3401 rem
949 3338 1022 3401 edi-

190 3463 243 3525 dit
258 3461 439 3544 opuscula,
455 3461 665 3542 praesertim
683 3460 782 3524 illud:
799 3460 854 3523 De
868 3480 1022 3523 commu·

189 3585 295 3648 nione
316 3583 507 3666 potestatis
528 3583 795 3646 ecclesiasticae
816 3584 908 3646 inter
929 3603 1022 3645 sum·

189 3727 265 3770 mos
296 3706 487 3788 principes,
518 3705 723 3787 pontificem
754 3716 790 3769 et
821 3705 1021 3787 episcopos,

191 3832 286 3913 quod
300 3850 320 3892 a
332 3849 483 3892 censura
495 3828 610 3891 aulica
622 3828 826 3911 Viennensi,
837 3828 1022 3892 contrariis

191 3951 375 4034 principiis
402 3951 552 4032 imbuta,
578 3951 670 4012 male
694 3960 854 4013 notatum
876 3951 958 4025 fuit:
987 3961 1023 4014 et

192 4071 638 4156 eius„Ecclesiamilitans“
655 4073 824 4135 conviciis
837 4082 991 4154 excepta
1001 4094 1023 4135 a

191 4194 433 4265 novatoribus,
451 4213 542 4275 quae
560 4193 702 4275 quidem
718 4194 878 4256 convicia
898 4195 1023 4257 honori

192 4318 260 4381 sibi
296 4317 467 4395 ducebat,
504 4315 640 4398 eligens
676 4315 791 4397 magis
827 4316 1023 4397 vituperari

193 4459 299 4524 quam
325 4438 462 4502 laudari
486 4459 509 4500 a
530 4437 710 4519 perversis
738 4438 915 4520 theologis
938 4439 1022 4501 nihil

191 4582 262 4626 non
297 4559 541 4641 molientibus,
578 4569 616 4621 ut
652 4558 808 4621 Romani
844 4559 1023 4641 pontificis

192 4685 440 4749 auctoritatem
450 4692 487 4745 et
496 4681 775 4745 iurisdictionem
784 4683 1024 4746 convellerent

192 4814 505 4886 concuterentque.
544 4804 600 4866 Ex
631 4806 756 4867 eadem
788 4823 896 4867 causa
926 4804 1025 4868 Hon-

191 4929 324 4993 themio
336 4926 539 4991 Trevirensi
556 4925 793 5009 suffraganeo,
811 4926 871 5008 qui
884 4927 951 4988 sub
963 4946 1025 4989 no·

192 5051 285 5114 mine
305 5049 430 5113 Iustini
446 5048 475 5111 F
478 5049 624 5112 ebronio
644 5047 801 5111 libellum
823 5049 956 5111 emisit:
981 5051 1025 5112 de

193 5180 288 5234 statu
316 5171 489 5234 ecclesiae
517 5180 553 5233 et
580 5170 740 5253 legitima
768 5181 949 5251 potestate
978 5173 1025 5234 ad

193 5291 405 5354 reuniendos
435 5292 650 5356 dissidentes
676 5292 712 5355 in
739 5293 912 5375 religione
936 5293 1024 5357 chri-

194 5412 319 5495 stiana,
344 5415 389 5476 ad
410 5416 676 5478 retractandum
699 5434 825 5478 suasor
849 5424 934 5496 erat,
958 5434 1024 5477 nec

1104 651 1179 713 sine
1211 651 1338 733 fructu,
1371 662 1409 715 ut
1440 652 1518 734 ipse
1544 651 1781 714 Honthemius
1812 653 1938 715 abbati

1103 773 1257 836 Martino
1274 791 1367 836 anno
1384 793 1464 853 1779
1480 773 1672 855 rescripsit.
1689 773 1794 836 Vana
1806 793 1938 855 nempe

1103 895 1233 976 opinio,
1259 914 1366 977 posse
1389 895 1593 957 lutheranos
1618 896 1664 956 ad
1688 895 1854 958 unionem
1879 915 1938 957 ca·

1102 1017 1254 1080 tholicae
1271 1017 1444 1080 ecclesiae
1460 1016 1591 1098 reduci,
1613 1016 1643 1078 si
1664 1018 1769 1079 sedes
1791 1026 1938 1098 aposto-

1101 1138 1170 1201 lica
1186 1139 1231 1200 de
1247 1138 1344 1201 avito
1357 1158 1421 1200 suo
1433 1138 1508 1200 iure
1521 1137 1654 1219 aliquid
1669 1139 1824 1218 cederet,
1837 1137 1938 1200 Hon-

1103 1261 1272 1324 themium
1284 1261 1485 1342 multosque
1498 1260 1691 1323 catholicos
1706 1260 1860 1341 decepit,
1875 1280 1938 1323 eos

1102 1383 1219 1463 etiam,
1243 1384 1303 1465 qui
1324 1385 1371 1446 ad
1392 1392 1606 1446 conventum
1627 1384 1782 1464 desuper
1797 1382 1937 1445 Fuldae

1101 1504 1271 1586 habitum,
1287 1506 1456 1567 abbatem
1468 1504 1662 1567 Martinum
1678 1503 1830 1567 invitare
1847 1513 1885 1567 et
1902 1505 1938 1566 in

1102 1641 1241 1709 partem
1261 1627 1421 1689 laborum
1441 1627 1583 1689 trahere
1604 1626 1718 1688 adnisi
1740 1635 1834 1706 sunt,
1859 1626 1938 1708 qui·

1102 1751 1169 1812 bus
1186 1751 1263 1832 ipse
1279 1751 1425 1813 cordate
1439 1749 1635 1830 rescripsit:
1655 1747 1804 1830 „Quoad
1816 1760 1938 1830 prote·

1103 1881 1240 1935 stantes
1256 1872 1292 1934 id
1309 1891 1453 1954 sperare
1469 1892 1540 1935 non
1557 1891 1674 1953 posse,
1691 1880 1730 1933 ut
1751 1870 1811 1952 qui
1829 1870 1900 1933 iam
1917 1892 1938 1932 a

1103 1995 1176 2057 suis
1192 1995 1291 2057 libris
1308 1994 1524 2077 symbolicis,
1543 2014 1634 2075 quae
1651 1993 1749 2075 prius
1765 1993 1855 2073 ipsis
1872 2012 1937 2074 pro

1102 2115 1186 2178 fidei
1201 2117 1327 2199 regula
1344 2126 1455 2198 erant,
1478 2117 1573 2178 nullo
1589 2115 1713 2198 agnito
1730 2124 1937 2177 controver-

1103 2239 1234 2302 siarum
1250 2239 1376 2321 iudice,
1398 2239 1433 2302 in
1448 2240 1556 2301 rebus
1572 2237 1656 2301 fidei
1671 2239 1856 2300 recedant:
1879 2257 1936 2300 ca-

1102 2361 1241 2423 tholicis
1261 2381 1348 2423 vero
1369 2360 1563 2423 timendum
1585 2379 1675 2440 esse,
1696 2379 1751 2439 ne,
1777 2359 1861 2421 dum
1886 2359 1936 2422 ni-

1102 2483 1208 2546 mium
1239 2485 1285 2546 ad
1316 2482 1514 2546 acatholica
1549 2481 1725 2564 principia
1760 2481 1863 2562 pacis
1901 2491 1936 2544 et

1101 2605 1240 2669 unionis
1261 2625 1369 2668 causa
1386 2604 1575 2685 declinant,
1596 2604 1725 2667 sensim
1747 2625 1769 2665 a
1788 2604 1935 2667 catholi-

1102 2728 1153 2791 cis
1162 2727 1346 2809 principiis
1358 2729 1542 2808 abeuntes,
1552 2727 1696 2789 tandem
1706 2725 1850 2807 penitus
1864 2725 1934 2788 fide

1102 2848 1301 2912 excidant“.
1315 2848 1473 2912 Maxime
1482 2859 1601 2911 autem
1614 2848 1762 2929 piissimi
1772 2848 1887 2929 patris
1900 2857 1934 2911 et

1103 2972 1256 3035 omnium
1273 2972 1551 3034 orthodoxorum
1567 2970 1703 3045 animos
1719 2968 1849 3032 afflixit
1860 2990 1934 3052 my·

1102 3093 1248 3157 sterium
1268 3093 1476 3175 iniquitatiS,
1502 3095 1698 3174 quodcum
1722 3092 1782 3155 diu
1806 3092 1877 3154 iam
1901 3092 1934 3153 in

1103 3214 1675 3296 Gallorumcerebrisparturisset,
1682 3216 1828 3279 tandem
1837 3234 1933 3277 mon-

1102 3349 1255 3405 strosum
1281 3339 1415 3402 foetum
1440 3337 1568 3420 edidit,
1593 3357 1739 3400 saevum
1768 3345 1805 3398 et
1833 3356 1933 3418 aper-

1102 3474 1177 3526 tum
1193 3462 1312 3524 odium
1328 3461 1363 3524 in
1380 3460 1567 3523 ecclesiam
1589 3459 1809 3539 catholicam,
1832 3459 1933 3522 abro-

1071 3640 1077 3650 .
1102 3585 1284 3668 gationem
1300 3583 1413 3646 omnis
1426 3583 1607 3666 religionis
1621 3583 1812 3662 revelatae,
1829 3580 1933 3644 truci·

1103 3708 1282 3771 dationem
1319 3716 1355 3768 et
1391 3706 1637 3786 expulsionem
1674 3704 1932 3785 episcoporum,

1102 3832 1327 3893 sacerdotum
1350 3838 1385 3891 et
1406 3828 1666 3908 monachorum,
1691 3827 1752 3908 qui
1775 3825 1933 3906 pontifici

1103 3962 1139 4016 et
1162 3952 1336 4015 ecclesiae
1359 3950 1497 4032 fideles,
1527 3950 1662 4013 civicae
1690 3949 1934 4013 constitutioni

1103 4076 1343 4156 subscribere,
1370 4073 1533 4155 religioni
1558 4073 1627 4135 sibi
1652 4075 1841 4137 ducebant.
1872 4071 1933 4135 Isti

1103 4197 1245 4278 expulsi
1265 4197 1471 4258 sacerdotes
1493 4204 1529 4257 et
1549 4194 1711 4258 monachi
1727 4196 1934 4276 vagabundi

1104 4316 1284 4381 turmatim
1300 4318 1389 4379 ads
1407 4317 1565 4379 Blasium
1581 4318 1824 4399 convolarunt,
1845 4337 1934 4399 quos

1103 4441 1258 4523 benigne
1271 4439 1455 4520 excipiens
1469 4449 1505 4502 et
1517 4449 1556 4502 ut
1569 4438 1790 4502 confessores
1804 4439 1935 4504 Christi

1103 4572 1295 4626 veneratus
1317 4563 1431 4624 abbas
1447 4561 1633 4642 Martinus,
1657 4582 1839 4644 nunquam
1859 4564 1935 4627 sine

1104 4688 1196 4749 dono
1207 4694 1269 4747 aut
1278 4685 1353 4747 sine
1367 4685 1608 4748 consolatione
1618 4684 1760 4767 dimisit,
1770 4685 1813 4747 iis
1822 4706 1935 4767 omne,

1105 4809 1200 4889 quod
1217 4808 1252 4869 in
1269 4807 1405 4870 viribus
1421 4817 1508 4887 erat,
1525 4808 1735 4889 obsequium
1751 4820 1936 4890 praestare

1104 4938 1261 5011 paratus
1278 4927 1427 5010 Quoties
1440 4929 1612 4992 eiusmodi
1629 4930 1936 4994 commiseratione

1106 5051 1304 5134 dignissimi
1335 5053 1478 5114 exsules
1516 5052 1712 5134 principem
1743 5052 1937 5117 Martinum

1105 5173 1278 5255 adierunt,
1298 5175 1479 5237 recruduit
1503 5175 1538 5237 in
1561 5176 1670 5238 nobili
1690 5186 1837 5256 pectore
1862 5178 1937 5240 eius

1104 5296 1231 5358 vulnus
1252 5316 1317 5378 per
1337 5294 1466 5359 Gallici
1490 5297 1820 5361 antichristianismi
1842 5298 1937 5362 furo·

1104 5435 1178 5478 rem
1190 5415 1371 5500 inflictum,
1382 5417 1613 5499 ultimumque
1624 5417 1790 5483 Gerberti
1803 5420 1936 5503 ingenii
