4222 6106
947 453 1159 514 „X-

184 693 249 745 est.
281 682 355 743 Iam
379 691 485 743 antea
508 700 592 742 vero
605 679 897 762 Vorarlbergium
921 699 985 759 per
1007 679 1221 741 monasteria
1237 677 1404 741 Tuberim
1429 679 1451 759 ¹)
1476 687 1512 739 et
1532 678 1688 761 Augiam
1711 680 1883 743 Maiorem
1899 683 1922 762 2)

184 822 230 882 ad
253 821 364 883 vitam
388 818 572 880 cultiorem
597 817 853 880 conformatum
878 828 963 880 erat.

313 959 413 1021 Haec
438 957 751 1019 Benedictinorum
775 956 892 1018 studia
917 955 1038 1037 etiam,
1063 976 1141 1019 cum
1165 956 1329 1019 Thassilo
1358 966 1505 1039 propter
1529 957 1765 1020 defectionem
1790 979 1811 1020 a
1834 979 1921 1042 rege

184 1098 401 1160 Francorum
425 1095 552 1158 Carolo
576 1096 710 1176 Magno
734 1095 768 1156 in
792 1094 1007 1157 monasterio
1025 1092 1214 1157 Goariensi
1237 1114 1373 1175 poenas
1398 1097 1509 1177 daret,
1534 1115 1605 1158 non
1628 1098 1732 1159 modo
1757 1117 1921 1180 repressa

183 1238 248 1299 sed
273 1237 422 1298 dilatata
446 1244 537 1296 sunt.
576 1232 664 1295 Cum
692 1232 785 1294 enirn
809 1232 956 1295 Carolus
984 1232 1087 1294 bellis
1116 1252 1195 1295 cum
1219 1233 1350 1295 Avaris
1380 1233 1532 1296 feliciter
1562 1235 1676 1316 gestis
1706 1255 1776 1297 non
1809 1239 1921 1299 solum

184 1384 297 1437 terras
320 1374 474 1455 Alpinas
498 1375 561 1434 sed
586 1373 693 1435 etiam
717 1371 900 1433 Austriam
925 1370 1126 1433 inferiorem
1150 1382 1186 1433 et
1207 1371 1403 1454 Ungariam
1427 1372 1646 1453 superiorem
1670 1377 1716 1456 ab
1740 1374 1861 1456 iniquo
1886 1387 1922 1438 et

185 1514 286 1595 gravi
311 1511 459 1592 imperio
483 1510 680 1592 liberasset,
710 1511 882 1574 latissime
906 1531 1050 1572 manare
1074 1511 1191 1591 potuit
1214 1510 1388 1573 industria
1419 1511 1567 1593 ordinis,
1601 1533 1679 1574 cum
1710 1515 1921 1596 praesertim

185 1673 336 1734 magnus
359 1651 552 1731 imperator
576 1660 612 1710 et
636 1651 695 1730 qui
712 1651 744 1712 ei
761 1660 1019 1730 successerunt,
1045 1659 1082 1712 et
1097 1650 1132 1711 in
1148 1650 1202 1711 his
1219 1650 1422 1712 Ludovicus
1438 1651 1534 1732 Pius,
1552 1651 1612 1732 qui
1628 1651 1919 1716 instaurationem

184 1789 317 1852 ordinis
341 1810 362 1852 a
386 1811 412 1852 s.
437 1788 635 1851 Benedicto
659 1787 1038 1869 abbateAniagnensi
1067 1787 1309 1870 excogitatam
1340 1798 1376 1850 et
1408 1788 1442 1850 in
1475 1790 1611 1871 synodo
1636 1791 1922 1872 Aquisgranensi

185 1933 245 2007 817
272 1929 539 2008 comprobatam
564 1946 628 2006 per
652 1927 768 1988 omnia
792 1925 930 2006 imperii
953 1926 1168 1988 monasteria
1191 1937 1305 1988 ratam
1330 1946 1408 1989 esse
1432 1927 1544 2008 iussit,
1569 1928 1686 2010 gratia
1711 1937 1747 1990 et
1770 1931 1921 1992 auctori-

183 2077 258 2129 tate
283 2086 362 2128 eum
386 2075 637 2127 sustentarent.
676 2064 801 2144 Neque
836 2073 955 2125 tamen
986 2063 1127 2125 silentio
1161 2064 1516 2144 praetermittendum
1548 2076 1612 2146 est,
1647 2076 1780 2145 quanto
1812 2086 1920 2147 opere

184 2204 345 2288 episcopi
368 2204 608 2285 Pataviensis,
632 2203 927 2283 RatisbonensiS,
951 2203 980 2264 F
982 2202 1182 2265 raxinensis
1206 2215 1242 2265 et
1265 2203 1288 2264 ii
1312 2203 1488 2284 monachi,
1514 2203 1573 2284 qui
1596 2203 1804 2286 Bavariam,
1829 2226 1920 2286 quae

183 2366 275 2407 nunc
300 2353 365 2424 est,
390 2343 603 2423 incolebant,
631 2342 760 2404 fratres
784 2342 995 2404 Austriacos
1024 2342 1059 2403 in
1083 2344 1294 2423 exequendo
1324 2362 1467 2404 munere
1491 2363 1512 2404 a
1536 2342 1736 2425 Carolingis
1764 2344 1920 2408 iniuncto

184 2481 395 2545 adiuverint.
445 2481 493 2542 Hi
528 2491 609 2542 sunt
641 2480 866 2542 Benedictini
897 2480 1290 2560 Altahae-InferioriS,
1326 2500 1352 2541 s.
1389 2481 1589 2542 Emmerani
1623 2481 1920 2563 Ratisbonenses,

184 2621 393 2701 MettenseS,
417 2619 716 2700 Tegernseenses
763 2618 920 2679 Maxime
952 2627 1071 2680 autem
1102 2619 1250 2699 egregia
1282 2630 1358 2680 erat
1390 2618 1562 2680 industria
1589 2618 1920 2704 'segernseensium

186 2761 245 2842 qui
269 2759 485 2821 monasterio
509 2778 537 2820 s.
560 2756 750 2838 Hippolyti
774 2758 820 2817 ad
844 2755 994 2817 Traisim
1023 2757 1209 2818 condendo
1241 2757 1415 2819 coloniam
1446 2757 1481 2818 in
1506 2757 1687 2819 Austriam
1720 2758 1919 2822 inferiorem

124 2972 126 2976 7
185 2899 378 2961 deduxisse
403 2896 566 2958 dicuntur
580 2898 615 2976 ³).

316 3035 366 3098 Ut
389 3055 475 3097 vero
499 3034 652 3115 operarii
676 3042 903 3115 augerentur,
927 3035 1071 3096 saeculo
1097 3053 1190 3096 nono
1214 3035 1260 3096 ad
1276 3035 1457 3096 Traunsee
1474 3045 1589 3096 ortum
1613 3046 1667 3098 est
1691 3055 1821 3097 novum
1845 3055 1916 3097 mo·

185 3175 378 3238 nasterium
394 3173 679 3236 Trunkirchense
694 3174 716 3252 4)
742 3184 778 3234 et
802 3172 869 3234 iam
889 3175 948 3250 785
966 3172 1218 3234 monasterium
1243 3171 1479 3254 Oettingense
1504 3193 1525 3234 a
1546 3173 1789 3237 Benedictinis
1806 3172 1918 3237 Salis-

183 3313 422 3397 burgensibus
446 3312 625 3375 conditum
642 3313 772 3390 Buorn,
798 3310 858 3391 qui
882 3312 980 3372 locus
1004 3312 1109 3372 hodie
1125 3310 1415 3373 Michaelbeuern
1432 3311 1570 3394 dicitur,
1587 3315 1797 3376 translatum
1814 3323 1869 3375 est
1883 3313 1917 3391 ⁵).

314 3451 388 3516 Sed
411 3463 530 3512 tamen
555 3451 697 3512 saeculo
722 3451 859 3512 decimo
883 3449 1026 3511 ineunte
1051 3451 1138 3511 ordo
1161 3470 1329 3532 magnum
1360 3451 1456 3530 cepit
1480 3452 1655 3515 damnum.
1694 3453 1855 3535 Hungari
1883 3451 1917 3513 in

184 3591 341 3654 vallibus
353 3590 559 3651 Pannoniae
573 3590 809 3650 consederant
825 3596 861 3650 et
874 3607 985 3669 regno
997 3587 1213 3649 Moraviensi
1230 3589 1349 3649 deleto
1365 3589 1522 3668 praedae
1538 3587 1634 3650 avidi
1651 3588 1686 3650 in
1699 3589 1918 3652 occidentem

183 3727 365 3811 progressi
383 3736 493 3790 erant.
517 3725 708 3789 Germania
725 3738 761 3788 et
777 3725 995 3808 Burgundia,
1020 3725 1127 3788 etiam
1143 3724 1248 3786 Italia
1264 3734 1300 3787 et
1317 3723 1434 3787 Gallia
1450 3745 1471 3786 a
1486 3726 1758 3806 praedatoribus
1775 3738 1918 3822 vexata,

315 4040 336 4122 ι)
361 4042 502 4108 Τιὼετίε,
528 4061 605 4117 quae
623 4042 712 4097 hodie
729 4041 859 4097 Tauiers
876 4042 923 4096 vel
941 4042 1061 4097 Duvers
1079 4042 1196 4109 dicitur,
1221 4060 1319 4117 prope
1335 4040 1495 4097 Feldkirch
1520 4043 1587 4097 sita.
1620 4042 1798 4115 Bergmann,
1817 4043 1929 4097 Denk»

184 4155 328 4212 schristen
351 4155 379 4211 d.
404 4156 433 4211 k.
458 4155 556 4211 Akad.
581 4155 609 4211 d.
634 4154 821 4210 Wissensch.
847 4154 917 4230 phil.
938 4155 1011 4209 bist.
1036 4154 1080 4210 cl.
1104 4155 1140 4210 V.

314 4264 336 4346 2)
359 4267 435 4324 Vide
459 4268 638 4340 bergmanni
664 4267 681 4322 l.
707 4286 731 4321 c.
758 4269 885 4340 eiusque
909 4267 1191 4321 commentationem
1216 4267 1245 4321 in
1265 4266 1408 4337 „Wiener
1423 4264 1611 4342 Jahrbr'icher
1627 4266 1680 4322 der
1697 4266 1788 4322 Litt.“
1809 4265 1827 4322 i.
1850 4265 1919 4322 118.

184 4381 282 4455 Augia
306 4382 401 4436 maior
425 4398 442 4434 a
466 4379 621 4453 discipulis
645 4397 668 4434 s.
694 4378 772 4434 Galli
798 4377 919 4434 condita
943 4396 1011 4434 esse
1035 4378 1151 4434 dicitur.

314 4490 338 4571 3)
362 4493 458 4548 Huius
491 4493 664 4547 monasterii
696 4491 870 4547 conditores
900 4490 960 4546 duo
992 4489 1109 4546 nobiles
1141 4491 1348 4547 Baioariorum
1377 4490 1559 4548 Adalbertus
1591 4506 1621 4547 et
1652 4491 1836 4556 ottocarus,
1868 4493 1918 4564 qui

184 4607 363 4681 'l‘egernsee
387 4606 482 4680 ipsum
508 4605 734 4669 constituerunt,
759 4603 851 4659 fuisse
874 4602 1021 4659 dicuntur.
1061 4602 1093 4659 Si
1118 4605 1331 4659 monasterium
1348 4622 1371 4660 S.
1390 4604 1547 4679 Hippolyti
1565 4622 1694 4678 unquam
1712 4604 1920 4660 Benedictino-

185 4740 248 4775 rum
277 4732 352 4787 erat,
382 4719 497 4774 nonnisi
531 4730 667 4791 tempore
694 4735 905 4772 successorum
929 4715 1028 4771 Caroli
1053 4716 1153 4790 Magni
1178 4715 1329 4772 conditum
1354 4735 1422 4772 esse
1445 4729 1557 4792 potest.
1597 4715 1684 4773 Coni.
1709 4717 1810 4790 Mayr:
1842 4716 1921 4772 Acta

184 4852 208 4888 s.
234 4832 352 4901 Quirini
372 4831 522 4903 Martyris,
548 4843 577 4885 et
601 4829 929 4904 Didcesangeschichte
952 4847 1012 4884 von
1035 4827 1081 4884 St.
1105 4829 1219 4896 Pdlten,
1244 4830 1267 4885 Ι.

315 4941 338 5022 4)
361 4945 466 5018 Neque
497 4962 515 4998 a
538 4960 609 5017 qu0,
639 4961 736 5017 neque
764 4960 825 5016 quo
856 4959 934 4997 anno
966 4944 1179 4998 monasterium
1203 4941 1451 4998 Trunkirchense
1481 4941 1669 4998 aedificatum
1702 4941 1809 4997 eodem
1840 4942 1918 5003 loco.

186 5055 236 5112 ubi
260 5074 338 5111 nunc
361 5055 547 5111 Altmtinster
569 5054 712 5130 oppidum
737 5066 792 5121 est,
818 5054 969 5110 conditum
992 5056 1039 5120 sit,
1064 5057 1138 5117 satis
1162 5067 1291 5111 constat.
1324 5056 1356 5110 In
1380 5054 1545 5110 litterarum
1570 5055 1768 5109 monumentis
1792 5055 1919 5129 primum

184 5187 264 5225 anno
289 5181 351 5242 909
376 5181 637 5224 commemoratur.
669 5165 912 5225 Urkundenbuch
937 5167 990 5223 des
1014 5167 1136 5224 Landes
1160 5166 1200 5224 ob
1225 5168 1279 5224 der
1300 5168 1393 5235 Enns‚
1418 5169 1456 5224 ΙΙ.

316 5279 339 5359 5)
362 5281 434 5348 Fila,
459 5280 642 5337 Geschichte
666 5300 725 5337 von
749 5279 1005 5348 Michaelbeuern,
1030 5281 1088 5337 hoc
1114 5280 1171 5354 785
1198 5266 1308 5338 iactum
1333 5299 1402 5337 esse
1426 5280 1507 5337 dicit.
1546 5279 1636 5335 Aliud
1659 5280 1777 5335 Riezler
1801 5280 1819 5336 l.
1844 5298 1870 5334 c.
1894 5279 1918 5335 l.

185 5396 298 5452 statuit.
