4252 6112
924 463 1206 531 „144-

283 651 349 708 VII.
366 650 590 708 Verschiedene
606 650 769 725 Predigten
784 649 837 706 auf
850 648 949 706 Sonn·
965 649 1024 706 und

195 757 339 831 Festtage
356 753 444 811 nebst
460 757 556 811 einem
569 755 758 829 Vorschlage
774 754 828 811 das
840 754 1025 829 Predigtamt

195 880 230 916 zu
255 860 433 917 erleichtern
458 859 517 915 und
541 861 636 916 einem
660 857 816 915 Entwurfe
842 861 925 916 einer
948 859 1024 915 voll-

197 965 355 1040 standigen
370 964 594 1022 Christenlehre
617 963 663 1020 fiir
683 965 736 1020 das
757 963 925 1020 Landvolk.
950 960 1023 1040 (1.0.

197 1069 360 1126 Orationes
377 1087 483 1125 sacrae
503 1067 612 1124 additis
633 1069 804 1143 praeceptis
825 1067 1023 1127 concionandi

196 1187 227 1229 et
242 1171 384 1230 brevibus
404 1174 644 1231 exhortationum
665 1191 722 1248 pro
745 1173 865 1229 rusticis
888 1171 1024 1248 descrip-

196 1276 349 1357 tionibus.)
361 1276 534 1353 Augsbnrg,
551 1274 641 1350 1776.
655 1282 697 1350 4⁰.
710 1275 815 1333 Altera
826 1276 918 1333 editio
932 1290 1022 1350 1777.

196 1380 258 1455 498
276 1402 305 1458 r·

281 1486 361 1542 VIII.
379 1486 411 1543 P.
428 1485 590 1542 Zacharias
606 1485 737 1541 Laselve
753 1485 938 1542 sammtliche
950 1485 1022 1541 Pre-

195 1589 297 1665 digten
313 1589 367 1646 auf
378 1588 435 1645 alle
452 1587 550 1646 Sonn·
566 1589 625 1645 und
641 1589 795 1664 Festtage‚
812 1591 869 1646 wie
884 1589 960 1646 auch
977 1589 1024 1645 fiir

196 1694 253 1750 den
265 1693 385 1750 Advent
400 1694 459 1749 und
472 1692 520 1749 die
532 1694 653 1749 Fasten.
670 1689 699 1770 (i.
710 1712 736 1750 e.
746 1694 779 1750 P.
788 1694 878 1751 Zach.
892 1693 1023 1750 Laseli-’e

196 1800 349 1855 orationes
373 1816 478 1854 sacrae
495 1797 677 1854 Germanico
702 1798 842 1853 idiomate
866 1795 1023 1876 redditae.)

196 1903 382 1966 Uebersetzt.
404 1900 599 1977 abgeitndert,
621 1901 697 1958 nach
720 1901 785 1958 dem
803 1901 944 1977 heutigen
959 1900 1022 1958 Ge·

195 2007 337 2064 schmack
359 2008 565 2082 cingerichtet.
586 2007 614 2063 II
631 2008 713 2062 torni.
735 2005 909 2081 hugsburg,
930 2004 1021 2080 1778.

194 2110 235 2170 8⁰.
257 2111 346 2169 Tom.
364 2112 386 2168 I.
403 2127 465 2184 414
482 2130 523 2186 p.,
541 2125 612 2167 torn.
629 2110 667 2166 II.
684 2110 793 2187 7317).

280 2216 331 2272 IX.
357 2216 517 2272 Poetische
538 2214 704 2272 Bittschrift
726 2234 764 2270 an
787 2215 841 2272 der
861 2217 1020 2272 Kaiserinn

195 2322 344 2395 Kdniginn
360 2321 500 2395 Majestat
520 2340 567 2376 um
589 2319 824 2395 allergnadigste
844 2319 1020 2394 Ertheilung

193 2427 276 2481 einer
292 2424 459 2499 jahrlichen
481 2425 610 2481 Pensi0n
631 2424 678 2481 fnr
697 2426 780 2481 seine
796 2425 907 2481 Mutter
922 2424 1020 2480 Elisa·

192 2526 263 2585 beth
292 2542 348 2585 etc.
380 2526 409 2606 (i.
438 2548 464 2585 e.
492 2528 628 2586 Libellus
656 2529 783 2604 supplex
814 2530 952 2604 poeticus
982 2528 1021 2584 ad

192 2635 433 2707 augustissimam
454 2635 673 2709 imperatricem
695 2635 819 2689 Mariam
840 2633 1020 2689 Theresiam

193 2756 249 2813 pro
266 2735 428 2794 obtinenda
445 2740 529 2793 matri
553 2740 698 2813 pensione
719 2735 838 2815 annua.)
864 2736 1021 2794 Gedruckt

193 2843 244 2897 mit
260 2839 473 2898 Schulz’schen
490 2839 650 2899 Schriften.
672 2839 762 2914 1756.
779 2839 822 2898 8⁰.
840 2858 858 2915 4
875 2861 905 2917 p.

278 2946 315 3003 X.
324 2943 574 3002 Toleranz·Bibel
584 2945 658 3002 oder
667 2944 832 3001 Hausbuch
841 2945 889 3001 fiir
900 2944 947 3000 die
956 2943 1020 3000 drei

193 3050 383 3106 christIIchen
400 3049 578 3124 Religionen
595 3050 673 3106 ohne
690 3049 897 3117 Unterschied,
920 3051 949 3104 in
966 3047 1020 3104 der

191 3155 417 3231 Volkssprache
433 3152 642 3230 geschrieben.
659 3149 688 3231 (i.
702 3174 728 3212 e.
742 3153 838 3211 Biblia
854 3172 910 3229 pro
924 3152 1019 3210 tribus

191 3260 361 3317 christianis
377 3256 575 3335 religionibus
593 3263 789 3317 communiter
800 3257 972 3334 usurpanda
989 3271 1019 3314 et

191 3384 330 3421 sermone
346 3365 462 3439 vulgari
479 3362 615 3442 scripta.)

277 3471 438 3526 Praeterea
459 3470 690 3544 manuscriptam
712 3468 832 3543 reliquit
853 3469 929 3524 hanc
950 3486 1018 3523 ora·

191 3576 315 3630 tionem:
338 3574 413 3629 Eine
434 3573 616 3647 vollstandig
632 3571 875 3647 ausgearbeitete
892 3571 1018 3628 Kanzel·

191 3678 262 3735 rede
284 3678 359 3735 ilber
379 3678 433 3734 das
455 3697 532 3734 neue
552 3677 696 3734 deutsche
712 3676 918 3734 Schulwesen.
940 3674 969 3754 (i.
991 3695 1017 3733 e.

191 3785 297 3839 Oratio
311 3782 348 3839 de
358 3785 476 3839 noviter
489 3785 651 3839 constituta
663 3800 696 3838 re
709 3779 913 3860 scholastica.)
927 3779 1017 3854 1780.

278 3928 958 4020 (11013011Α1111011113(8001011313),
981 3938 1017 4001 111

191 4058 270 4119 aula
293 4055 478 4119 Scotorum
498 4057 734 4119 VIndobonae
757 4067 861 4119 natus
886 4057 943 4118 die
968 4078 1015 4120 11.

191 4176 269 4241 Oct.
302 4182 379 4257 1753
409 4179 572 4241 111ἰηί111113
598 4190 684 4241 natu
711 4179 802 4241 inter
829 4199 913 4242 suos
940 4189 1016 4242 erat

189 4299 327 4383 fratres,
350 4321 496 4382 quorum
514 4312 664 4381 quatuor
685 4302 941 4363 sacerdotalem
963 4321 1016 4363 or-

190 4425 306 4486 dinem
320 4424 425 4505 idque
438 4435 510 4486 tres
525 4423 560 4485 in
576 4423 790 4486 monasterio
803 4425 844 4487 B.
856 4423 904 4486 M.
914 4424 957 4489 V.
971 4427 1017 4487 ad

191 4546 318 4610 Scotos
329 4546 1018 4628 0017110010110111111.Α11110111131110110110-

190 4671 328 4731 lescens
344 4669 598 4751 septemdecim
611 4688 790 4750 annorum,
808 4689 886 4731 curn
900 4670 1017 4731 excul-

190 4802 247 4855 tus
261 4804 356 4854 esset
369 4812 390 4853 a
402 4791 441 4853 P.
455 4791 605 4874 Iesuitis,
619 4790 869 4854 monasterium
881 4790 1017 4874 ingres-

190 4935 250 4977 sus
272 4915 328 4976 die
354 4920 401 4976 13.
422 4913 511 4976 Nov.
537 4933 628 4995 1770,
652 4933 730 4975 cum
752 4923 837 4975 vota
857 4913 1016 4975 sollemni

190 5037 258 5098 ritu
275 5037 332 5099 dle
353 5057 400 5100 12.
416 5035 520 5099 Mart.
546 5054 623 5114 1772
646 5045 896 5117 nuncupasset,
917 5044 1017 5097 tanta

191 5159 326 5240 egregii
339 5158 471 5242 ingenii
485 5167 520 5220 et
532 5158 732 5220 indefessae
740 5158 935 5220 Industriae
945 5158 1017 5219 edi-

192 5279 243 5340 dit
255 5279 458 5361 specimina,
475 5291 513 5342 ut
530 5282 636 5361 paulo
649 5292 731 5362 post
747 5279 942 5342 sacerdotis
959 5279 1016 5341 die

1103 654 1213 708 tatem
1230 644 1494 708 nancisceretur
1509 655 1546 708 et
1562 645 1718 708 doctoris
1738 645 1861 708 laurea
1882 646 1937 709 in·

1103 766 1202 850 genti
1215 786 1293 830 curn
1306 768 1482 849 applausu
1495 768 1722 831 decoraretur
1733 777 1937 849 posteaque

1102 889 1158 952 bis
1178 888 1358 952 facultatis
1374 890 1597 972 theologicae
1613 890 1649 952 in
1665 890 1760 954 univ.
1776 890 1936 953 Vindob.

1104 1013 1259 1073 decanus
1280 1012 1481 1094 eligeretur.
1504 1010 1637 1074 Verum
1658 1012 1694 1074 in
1713 1031 1807 1075 vano
1828 1011 1937 1074 titulo

1102 1132 1243 1195 minime
1259 1133 1559 1214 adquiescendum
1575 1133 1716 1216 putavit
1729 1133 1783 1195 vir
1795 1142 1937 1197 strenu-

1101 1252 1256 1337 issimus,
1282 1256 1346 1317 sed
1372 1255 1485 1336 qualis
1509 1255 1756 1318 nominabatur
1783 1265 1819 1319 et
1846 1267 1936 1338 erat,

1102 1377 1207 1441 talem
1224 1377 1383 1440 oratione
1396 1377 1502 1440 etiam
1515 1389 1551 1440 et
1563 1397 1671 1459 opere
1685 1377 1936 1441 efficacissime

1102 1518 1140 1561 se
1167 1499 1422 1581 comprobavit.
1454 1501 1632 1563 Admotus
1662 1500 1796 1583 quippe
1824 1521 1937 1565 curae

1101 1621 1294 1684 animarum
1322 1621 1358 1684 in
1381 1622 1549 1703 parochia
1572 1621 1777 1685 monasterii
1806 1627 1936 1702 1786—

1106 1747 1187 1805 1800
1206 1742 1505 1806 ferventissimum
1525 1743 1625 1805 verbi
1649 1743 1759 1806 divini
1785 1762 1936 1825 praeco·

1101 1884 1181 1927 nem
1199 1864 1283 1947 egit.
1304 1865 1429 1946 Neque
1442 1865 1584 1946 publice
1597 1874 1733 1928 tantum
1748 1865 1935 1928 doctrinae

1101 1986 1313 2049 christianae
1321 1986 1508 2050 veritatem
1518 1997 1641 2049 contra
1649 1987 1800 2049 rebelles
1810 2006 1935 2050 eorum

1100 2117 1299 2188 temporum
1315 2108 1460 2191 spiritus
1476 2108 1560 2171 novi
1581 2108 1764 2171 cuiusdam
1780 2109 1933 2172 Demos·

1099 2230 1216 2293 thenis
1237 2241 1273 2292 et
1294 2230 1366 2293 divi
1383 2229 1626 2314 Chrysostomi
1642 2250 1730 2293 voce
1755 2242 1792 2293 et
1812 2230 1851 2292 vi
1873 2233 1933 2295 de·

1099 2353 1223 2435 fendit,
1245 2355 1308 2415 sed
1329 2353 1364 2416 in
1382 2354 1575 2417 domestico
1592 2354 1707 2435 etiam,
1729 2355 1836 2434 quale
1858 2366 1933 2418 tum

1100 2486 1186 2556 erat,
1196 2475 1460 2556 discipIInarum
1474 2475 1754 2559 theologicarum
1767 2475 1932 2540 1113111010

1100 2615 1278 2659 sacrorum
1310 2598 1515 2679 dogmatum
1547 2606 1583 2660 et
1610 2597 1742 2660 veteris
1774 2597 1931 2662 foederis

1100 2717 1281 2801 professor
1301 2719 1481 2780 auditores
1502 2720 1731 2781 saluberrime
1751 2718 1931 2784 instruxit.

1099 2838 1282 2902 Eiusmodi
1298 2840 1371 2902 vita
1388 2859 1506 2922 opere,
1528 2838 1671 2921 script0,
1689 2849 1725 2902 et
1741 2840 1825 2902 viva
1842 2861 1931 2904 voce

1099 2961 1258 3045 insigniS,
1272 2971 1311 3024 ut
1329 2962 1509 3044 ingentem
1521 2961 1597 3024 viro
1609 2960 1739 3024 famam
1756 2972 1793 3025 et
1808 2973 1931 3026 aucto·

1098 3084 1238 3147 ritatem
1270 3095 1554 3166 comparaverat,
1587 3085 1637 3147 ita
1669 3086 1815 3168 dignum
1846 3106 1930 3167 quo·

1099 3224 1167 3287 que
1194 3207 1416 3287 ostenderat,
1449 3205 1508 3286 qui
1540 3210 1620 3283 1804
1651 3207 1746 3286 prior
1777 3218 1814 3269 et
1848 3227 1931 3270 mox

1098 3329 1273 3411 parochus
1295 3327 1469 3389 ecclesiae
1492 3327 1711 3409 monasterii,
1733 3329 1779 3390 ad
1799 3332 1930 3410 guber·

1098 3451 1225 3513 nacula
1261 3450 1428 3512 interiora
1463 3449 1626 3511 asceterii
1662 3450 1927 3530 proveheretur.

1098 3572 1166 3634 Hic
1189 3572 1224 3634 in
1239 3571 1355 3633 Deum
1376 3572 1520 3653 pietate,
1546 3571 1581 3633 in
1603 3590 1686 3633 suos
1705 3571 1925 3635 humanitate

1098 3704 1134 3755 et
1161 3693 1336 3756 modestia
1359 3693 1492 3756 facturn
1520 3704 1583 3775 est,
1612 3703 1650 3756 ut
1677 3705 1761 3773 post
1789 3694 1924 3756 obitum

1101 3820 1180 3894 1807
1198 3815 1379 3878 Bennonis
1395 3815 1535 3903 abbatis
1557 3824 1687 3896 essent,
1709 3815 1767 3896 qui
1790 3815 1826 3876 in
1848 3834 1927 3878 eum

1097 3938 1218 4001 oculos
1230 3948 1265 4000 et
1274 3937 1409 4000 animos
1422 3946 1680 4001 converterent.
1696 3936 1829 3999 Postea
1842 3957 1927 4001 vero

1096 4059 1299 4140 parochiam
1309 4058 1344 4121 in
1353 4056 1810 4140 suburbioVindobonensi,
1820 4059 1927 4124 Gum-

1096 4180 1251 4262 pendorf
1272 4181 1376 4262 dicto,
1405 4184 1483 4258 1807
1511 4179 1630 4261 elegit,
1657 4200 1762 4261 quam
1788 4200 1855 4261 per
1877 4182 1926 4244 vi·

1096 4301 1186 4384 ginti
1202 4304 1458 4383 propemodum
1476 4301 1660 4364 continuos
1677 4321 1788 4364 annos
1804 4324 1876 4366 uno
1892 4316 1927 4367 et

1096 4423 1273 4504 aequabili
1295 4423 1537 4505 praestantiae
1558 4432 1682 4485 tenore
1703 4423 1923 4487 administra·

1096 4544 1158 4607 vit.
1180 4545 1401 4608 Documento
1415 4565 1494 4607 esse
1507 4557 1667 4627 possunt,
1685 4564 1776 4627 quae
1790 4546 1825 4609 in
1837 4547 1925 4609 aede

1097 4689 1198 4734 saera
1215 4669 1322 4751 digne
1339 4670 1550 4750 decoranda,
1573 4688 1664 4750 quae
1683 4668 1720 4730 in
1735 4688 1772 4731 re
1790 4678 1827 4731 et
1844 4689 1927 4733 cura

1098 4811 1300 4875 egenorum,
1317 4810 1409 4872 quae
1425 4791 1460 4852 in
1477 4791 1598 4853 schola
1610 4789 1816 4872 parochiali,
1833 4790 1926 4854 aliis·

1097 4934 1165 4998 que
1192 4913 1344 4996 publicis
1371 4924 1407 4975 et
1434 4912 1583 4993 privatis
1610 4912 1739 4975 scholis
1767 4913 1846 4993 ipso
1869 4912 1926 4977 vel

1097 5049 1240 5099 auctore
1250 5037 1308 5098 vel
1317 5034 1477 5097 adiutore
1492 5033 1637 5116 egregie
1648 5044 1684 5095 et
1695 5035 1926 5097 saluberrime

1096 5157 1257 5221 instituta
1273 5158 1525 5239 perdurabant.
1548 5156 1602 5218 Ita
1615 5155 1725 5235 lapsis
1738 5156 1847 5219 tacite
1864 5177 1926 5220 an·

1096 5279 1151 5341 nis
1166 5277 1468 5359 adpropinquavit
1483 5288 1635 5359 1011171113,
1657 5297 1726 5359 quo
1747 5277 1816 5340 iam
1833 5297 1926 5340 anno

191 5397 894 5484 11780711.1770011011111100107713111111110111
904 5401 1017 5483 digni·
1101 5405 1178 5463 1822
1197 5399 1379 5481 professus
1396 5399 1579 5481 iubilaeus,
1593 5399 1926 5483 quinquageSImum
