4222 6106
924 486 1206 556 ..472-

195 678 274 735 batis
290 676 525 734 distribuebatur
538 689 567 732 et
581 678 608 731 in
617 676 764 732 Cechneri
777 676 902 732 historia
912 675 1023 731 Emau-

197 785 257 838 tina
273 783 456 857 descriptum
475 781 592 854 legitur.

282 887 317 942 V.
335 884 466 960 Scripsit
482 886 570 940 ctiam
587 884 697 958 adagia
711 884 871 940 Bohemica
888 886 916 939 in
929 890 972 955 4⁰.
990 884 1023 939 In

197 988 335 1046 Biblioth.
355 989 472 1044 Emaut.
490 991 547 1043 iam
565 1007 624 1043 non
642 987 759 1042 adsunt.

282 1136 645 1229 SuppanIoachim
660 1144 1022 1225 (abbasadsLam-

194 1267 368 1344 bertum)
386 1265 421 1326 in
438 1263 575 1347 Styria;
593 1274 698 1325 natus
715 1261 856 1326 Graecii
874 1268 924 1325 23.
942 1260 1021 1324 Oct.

201 1408 289 1467 1794,
307 1386 450 1447 indutus
467 1394 521 1447 est
538 1384 573 1446 in
588 1384 803 1446 monasterio
818 1384 865 1444 ad
881 1404 907 1445 s.
921 1383 1022 1445 Lam·

1103 671 1132 751 (i.
1151 694 1177 732 e.
1200 676 1307 733 Oratio
1325 677 1458 734 funebris
1474 676 1577 733 habita
1599 679 1628 732 in
1650 678 1719 732 aula
1736 679 1912 734 universitati.-
1920 694 1940 747 j

1104 780 1335 855 Oenipontanae
1358 794 1429 856 post
1446 794 1572 836 mortem
1589 782 1747 837 Francisci
1764 782 1787 836 l.
1808 784 1940 856 impera<

1104 886 1178 939 toris
1188 883 1361 962 Austriaci.)
1375 883 1552 953 Innshruck,
1564 884 1718 959 gedruckt
1726 887 1779 941 mit
1788 886 1940 959 Wagner}

1062 1025 1064 1037 .
1104 988 1196 1043 schen
1214 986 1375 1044 Schriften.
1393 988 1435 1045 8⁰.
1455 1004 1496 1045 20
1512 1008 1542 1063 p.

1189 1110 1241 1165 llI.
1267 1109 1489 1167 Akademische
1506 1111 1591 1166 Rede
1613 1110 1661 1166 bei
1684 1110 1740 1167 der
1754 1111 1940 1189 JahresfeiQ

1102 1212 1156 1267 der
1180 1213 1394 1269 Restauration
1418 1212 1471 1269 der
1495 1213 1523 1269 k.
1547 1214 1576 1270 k.
1600 1213 1940 1288 tenpore-Francus,

1103 1316 1287 1373 Universitat
1303 1337 1338 1372 zu
1356 1315 1536 1374 Innshruck.
1554 1314 1584 1395 (i.
1598 1335 1625 1374 e.
1640 1318 1749 1375 Oratio
1765 1318 1924 1389 academia,

1103 1416 1204 1475 habita
1229 1423 1257 1475 in
1282 1421 1483 1478 sollemnitate
1505 1441 1603 1478 annua
1625 1424 1843 1481 restaurationis
1856 1436 1909 1488 uni.

193 1505 1022 1587 bertum29.Sept.1811‚v0tas011emniaemi-
1103 1525 1255 1579 versitatis
1276 1523 1532 1604 Oenipontanae.)
1559 1526 1739 1596 Innshruck,
1768 1527 1844 1601 1835,
1861 1551 1899 1602 ge·

193 1631 238 1692 sit
255 1636 284 1692 3,
302 1631 396 1711 Aug,
418 1633 508 1710 1816,
525 1629 560 1689 in
577 1629 759 1690 doctorem
774 1626 1023 1708 philosophiae
1102 1625 1211 1683 druckt
1229 1630 1280 1683 mit
1298 1627 1536 1703 Wagner’schen
1554 1628 1718 1687 Schriften.
1736 1630 1777 1689 8⁰.
1794 1645 1828 1687 20
1840 1651 1861 1707 p.

192 1763 374 1835 promotus
390 1751 553 1813 Viennae
574 1753 664 1830 1819,
687 1748 869 1830 professor
889 1747 1023 1809 mathe-

193 1894 272 1936 seos
289 1886 324 1936 et
341 1873 512 1955 physicae
526 1870 690 1935 Goriciae
713 1874 890 1951 1819—22,
907 1869 942 1930 in
956 1888 984 1932 c.
994 1889 1021 1932 r.

192 1997 285 2059 univ.
296 1996 546 2076 Oenipontana
560 1997 737 2073 1822-34,
748 1990 895 2071 eiusque
905 1998 1022 2052 rector

192 2116 401 2199 magnificus
418 2127 454 2178 et
471 2117 627 2176 decanus
644 2112 820 2175 emeritus.
844 2111 1021 2174 Canonice

191 2240 226 2300 in
243 2242 410 2301 abbatem
428 2237 563 2299 electus
580 2247 635 2297 est
653 2241 682 2298 3.
699 2235 774 2299 Iun.
792 2245 829 2296 et
844 2233 949 2297 mitra
962 2234 1021 2295 de·

192 2370 335 2422 coratus
351 2356 493 2421 Graecii
514 2362 561 2421 18.
580 2357 655 2418 Iun.
677 2360 768 2438 1835,
790 2352 933 2437 inclytis
950 2363 1022 2416 sta-

192 2482 287 2542 tibus
304 2479 445 2560 Styriae
462 2477 664 2559 adscriptus
686 2480 775 2554 1835,
793 2475 949 2538 consiliis
966 2495 1020 2537 se·

192 2601 396 2664 lectioribus
428 2603 522 2678 1839;
554 2599 780 2680 plurimarum
809 2596 1021 2658 societatum

192 2721 463 2785 scientificarum
480 2721 621 2783 sodalis.
645 2720 724 2782 Res
748 2719 886 2801 pridem
910 2738 1021 2800 angu-

191 2843 365 2906 stissimas
402 2843 603 2905 monasterii
639 2861 831 2924 prosperas
866 2839 1021 2902 reddidit

190 2965 354 3045 vigilanti
367 2984 451 3026 cura
459 2974 567 3045 atque
577 2963 710 3026 sollerti
723 2962 906 3043 industria,
919 2981 1020 3044 gym-

190 3087 327 3147 nasium
344 3086 586 3167 domesticum,
604 3088 698 3167 quod
711 3085 877 3164 desierat,
893 3083 1020 3145 iterum

190 3207 305 3269 erexit
329 3217 364 3270 et
388 3209 432 3269 ad
457 3217 599 3287 tempus
624 3208 819 3286 (1846-50)
838 3204 1019 3286 publicum

190 3328 365 3410 sustinuit,
383 3328 417 3390 in
432 3328 538 3390 Cellis
554 3327 724 3389 Marianis
738 3326 935 3387 saecularia
951 3327 1019 3386 sol·

188 3450 316 3512 lemnia
338 3449 484 3532 originis
510 3453 587 3527 1857
607 3458 643 3511 et
664 3452 743 3524 1864
764 3447 936 3509 celebrari
961 3466 1018 3508 cu·

189 3572 290 3635 ravit.
319 3576 395 3633 1861
416 3591 479 3651 pro
496 3572 566 3653 piis
581 3570 715 3633 meritis
732 3569 854 3631 ordine
872 3589 900 3631 e.
918 3589 943 3631 r.
962 3587 1018 3630 co·

188 3715 296 3757 ronae
312 3694 450 3755 ferreae
472 3695 660 3755 decoratus
681 3701 745 3754 est.
771 3691 869 3755 Obiit
890 3691 925 3752 in
945 3711 1017 3751 mo-

188 3815 353 3896 nasterio,
370 3814 562 3896 apoplexia
578 3823 706 3894 tactus,
730 3835 754 3875 1.
773 3812 851 3876 Oct.
876 3817 966 3889 1864.

274 3936 386 4018 Typis
403 3936 564 3998 tradidit:

275 4063 296 4115 l.
322 4062 378 4116 Die
397 4062 612 4135 Hypsometrie
634 4061 756 4116 mittelst
776 4061 1017 4137 physikalischer

188 4163 453 4236 lieohachtungem
471 4163 545 4219 oder
563 4165 938 4239 theoretisch-praktische
955 4164 1016 4220 An·

187 4268 300 4341 leitung
317 4287 369 4322 zur
384 4267 562 4341 Anstellung
579 4268 632 4323 der
650 4268 943 4341 meteorologischen
959 4270 1016 4323 Be·

187 4371 398 4446 obachtungen
423 4371 481 4426 und
498 4391 532 4425 zu
550 4371 603 4427 der
618 4370 877 4427 barometrischen
895 4372 1016 4427 Hoheu·

187 4495 328 4550 mcssung
344 4475 432 4531 nebst
449 4476 515 4531 <lem
534 4475 697 4532 Grundriss
720 4475 774 4531 der
797 4475 1016 4531 thermometri-

186 4583 277 4637 schen
297 4579 355 4635 unrl
377 4579 573 4635 botanischen
591 4579 911 4652 lldhenhestimmung.
937 4576 966 4657 (i.
989 4599 1015 4636 e.

186 4687 231 4741 De
249 4685 454 4760 hypsometria
471 4703 525 4759 per
538 4682 768 4740 observationes
781 4682 945 4761 physicas.)
962 4685 1016 4740 Mit

190 4806 199 4844 1
218 4789 417 4865 Kupfertafel.
436 4788 614 4855 Innshruck,
629 4791 666 4843 im
677 4789 788 4863 Verlag
801 4789 855 4844 der
864 4789 1014 4863 Wagner·

184 4893 276 4948 schen
293 4892 538 4966 Ruchhandlung.
561 4892 650 4963 1834.
668 4891 710 4950 8⁰.
729 4891 790 4949 268
808 4912 837 4968 p.

271 4997 308 5051 Il.
337 4997 544 5061 Trauerrede‚
567 5010 771 5071 vorgetragen
795 4998 823 5051 in
847 4996 914 5051 dem
936 4997 965 5053 k.
983 4996 1012 5051 k.

185 5101 468 5157 Universitiitssaale
492 5099 540 5156 bei
563 5101 616 5156 der
637 5119 674 5156 an
695 5100 749 5155 der
766 5101 794 5155 k.
813 5101 841 5156 k.
859 5100 1013 5175 Leopold·

185 5205 537 5260 Franzens·Unirersit}it
554 5205 628 5260 nach
646 5205 712 5259 dem
731 5203 867 5260 Ableben
885 5204 932 5260 Sr.
950 5205 1013 5259 Ma·

180 5307 273 5380 jestiit
291 5308 386 5361 Franz
399 5308 431 5372 1.‚
451 5309 573 5362 Kaisers
587 5327 644 5362 ron
659 5307 854 5363 Oesterreich
872 5321 929 5363 etc.
945 5321 1012 5373 etc„

185 5428 230 5464 am
264 5409 309 5465 18.
340 5412 420 5465 illitrz
453 5410 529 5482 1835
560 5409 1011 5484 abgehaltenenTrauerfeier.

1191 1772 1393 1869 Suppiger
1411 1787 1670 1852 Benedictus
1692 1788 1890 1869 (Murensis),

1102 1910 1206 1963 natus
1220 1911 1275 1964 est
1289 1901 1515 1965 Willisaviae
1535 1903 1571 1966 in
1591 1904 1732 1967 Lucern
1746 1904 1890 1967 Helvetiae

1102 2021 1159 2083 die
1177 2028 1227 2084 ab.
1245 2024 1332 2087 Dec.
1353 2031 1445 2106 1739,
1463 2044 1600 2088 sacram
1617 2026 1826 2089 monasticen
1837 2043 1889 2105 pro·

1101 2143 1219 2205 fessus
1235 2145 1293 2207 die
1311 2151 1339 2207 6.
1358 2147 1431 2209 Ian.
1450 2151 1531 2226 1759
1549 2158 1585 2210 et
1601 2150 1770 2227 sacerdos
1785 2148 1889 2228 inaugu-

1101 2274 1200 2327 ratus
1220 2266 1277 2328 die
1296 2286 1324 2345 7.
1341 2268 1430 2349 Apr.
1451 2273 1543 2347 1764.
1566 2269 1701 2332 Docuit
1721 2268 1887 2350 theologiam

1101 2394 1138 2447 et
1162 2385 1228 2448 fuit
1250 2387 1441 2450 instructor
1463 2389 1631 2473 fratrum,
1658 2391 1821 2472 parochus
1838 2387 1887 2449 llu-

1100 2508 1214 2569 rensis
1228 2512 1405 2591 1778-85,
1416 2510 1570 2592 denique
1581 2512 1809 2574 confessarius
1820 2528 1886 2571 sanc-

1101 2628 1333 2693 timonialium
1360 2631 1661 2697 Hermetisvillae.
1697 2633 1840 2697 Decessit
1858 2650 1886 2691 er

1100 2752 1166 2813 hae
1183 2751 1258 2814 vita
1275 2753 1332 2815 die
1356 2774 1427 2834 qua
1448 2764 1554 2817 natus
1576 2766 1641 2838 est,
1669 2761 1719 2819 26.
1734 2756 1811 2818 Dec.
1827 2756 1885 2816 1828.

1100 2872 1263 2955 Reliquit
1286 2895 1393 2937 unum
1418 2877 1645 2961 opusculum,
1669 2879 1762 2960 quod
1783 2897 1819 2940 ex
1838 2875 1886 2936 eius

1100 2995 1242 3075 seriptis
1265 2996 1411 3079 collegit
1429 2997 1468 3060 P.
1486 2998 1643 3060 Basilius
1658 2999 1833 3076 Hausherr,
1848 2997 1886 3055 de-

1100 3135 1209 3178 canus
1227 3116 1418 3180 Murensis:

1187 3243 1250 3297 Der
1267 3243 1407 3317 Umgang
1423 3246 1475 3300 mit
1491 3244 1577 3302 Gott.
1602 3247 1731 3304 Constat
1745 3263 1761 3318 3
1778 3243 1885 3322 partibus:

1100 3345 1137 3401 de
1154 3348 1284 3413 motivis,
1308 3347 1413 3403 mediis
1437 3361 1467 3403 et
1489 3351 1574 3424 praxi
1600 3352 1826 3407 conversationis
1843 3363 1885 3401 cun

1100 3450 1176 3505 Deo.
1197 3465 1212 3505 2
1227 3451 1287 3506 vol.
1302 3457 1344 3523 4⁰.
1363 3465 1419 3524 172
1435 3465 1465 3507 et
1482 3451 1539 3508 168
1549 3472 1580 3528 p.
1593 3454 1629 3508 In
1641 3453 1714 3511 bibl.
1728 3452 1884 3511 Mum-Gnes-

1099 3553 1175 3610 Cod.
1194 3570 1223 3610 2.
1242 3570 1292 3627 24,
1311 3569 1360 3627 25.

1186 3699 1462 3773 Sustersehitz
1481 3713 1690 3777 Ernestus
1709 3714 1884 3797 (Mellicen-

1098 3826 1178 3908 sis),
1196 3838 1301 3889 natus
1316 3828 1478 3891 Viennae
1504 3830 1562 3892 die
1586 3836 1616 3894 8.
1634 3832 1739 3896 Mart.
1761 3851 1824 3911 1747
1840 3828 1882 3887 im

1101 3955 1148 4011 13.
1166 3950 1255 4012 Nov.
1277 3956 1355 4029 1765
1375 3952 1536 4014 sollemni
1552 3963 1638 4016 voto
1660 3943 1882 4037 congregationi

1097 4083 1240 4135 nostrae
1265 4074 1477 4155 adscriptus
1503 4096 1554 4139 21.
1575 4076 1683 4139 Mart.
1710 4097 1781 4156 1771
1805 4086 1882 4136 sacer·

1098 4196 1194 4257 dotio
1216 4196 1375 4257 initiatus
1397 4206 1461 4259 est.
1487 4197 1634 4279 Postea,
1661 4200 1727 4261 etsi
1751 4200 1782 4261 in
1803 4208 1883 4258 mona·

1097 4316 1205 4379 sterio
1224 4337 1366 4398 quoque
1382 4318 1565 4400 sacristae,
1588 4321 1789 4402 exceptoris
1805 4309 1886 4394 hospi·

1096 4448 1170 4499 tum
1193 4458 1235 4500 ac
1257 4438 1454 4519 subprioris
1478 4441 1684 4504 muneribus
1708 4442 1834 4505 functus
1851 4433 1888 4511 sit,

1096 4560 1287 4621 maximam
1311 4568 1430 4622 tamen
1454 4560 1552 4623 vitae
1580 4583 1667 4625 suae
1692 4572 1821 4644 partem
1840 4571 1892 4619 tun

1095 4679 1249 4741 vicarius
1266 4679 1301 4741 in
1318 4680 1568 4764 Wullersdorf,
1586 4684 1810 4766 Immendorf,
1824 4679 1895 4744 Wei-

1094 4801 1260 4882 kendorf,
1287 4813 1362 4864 tum
1386 4805 1564 4884 parochus
1588 4806 1625 4868 in
1650 4806 1794 4889 ProteS,
1819 4803 1901 4868 Gain-

1094 4922 1211 5003 fahrn,
1233 4923 1263 4985 F
1265 4925 1419 4986 ahndorf
1436 4937 1472 4987 et
1493 4927 1723 5010 Immendorf,
1740 4928 1907 4991 immolam

1096 5043 1169 5105 fere
1187 5065 1298 5106 senex
1315 5047 1361 5107 ob
1378 5050 1604 5110 sacerdotum
1621 5050 1811 5131 penuriam
1830 5069 1912 5131 repe·

1094 5165 1169 5227 titis
1186 5166 1324 5228 vicibus
1341 5168 1536 5250 expositus,
1563 5170 1599 5231 in
1624 5190 1710 5234 cura
1736 5173 1917 5236 animarum

1094 5289 1300 5352 consumsit.
1325 5289 1413 5351 Cum
1437 5291 1592 5372 denique
1615 5312 1682 5374 per
1706 5295 1800 5358 duos
1823 5315 1924 5359 annos

1094 5409 1218 5471 merita
1251 5410 1369 5490 quiete
1401 5419 1436 5472 et
1467 5413 1675 5476 valetudine
1716 5418 1809 5480 satis
1840 5418 1931 5481 firma
