4252 6112
918 481 1197 551 ,400-

189 688 287 731 torum
301 692 329 729 0.
340 675 406 730 s.B.
424 673 538 747 imperii
551 671 895 746 Austriaeo-Hungarici
912 669 1018 726 litteris
1056 666 1060 755 l

190 779 388 853 consignavit.
1057 766 1060 841 ἰ

1186 669 1235 724 lv.
1253 666 1599 723 Historisch·critisches
1619 656 1798 722 Liclitlein
1817 684 1855 720 zu
1871 664 1953 721 klare·

1099 791 1147 827 rer
1164 773 1326 828 Kenntniss
1342 771 1396 827 der
1411 769 1597 827 Geschicbte
1615 769 1683 827 des
1702 768 1837 826 uralten
1854 770 1953 844 Konig·

1057 866 1059 873 ¹
1099 877 1216 932 reiches
1228 878 1368 931 Noricum
1386 875 1445 931 und
1462 874 1515 930 der
1530 893 1569 929 an
1583 872 1792 930 demselben
1810 876 1890 930 einst
1903 892 1952 931 osr-

277 941 567 1036 Schaukoegel
600 953 805 1035 Iosephus
842 926 1019 1033 (Seiten
1057 976 1060 1015 ι

190 1070 446 1152 stadiensis)‚
469 1070 631 1133 Viennae
655 1071 690 1132 in
713 1071 862 1133 Austria
886 1071 943 1133 die
968 1073 1018 1132 zo.

190 1195 279 1275 Apr.
301 1197 380 1272 1718
397 1202 511 1272 natus,
528 1192 651 1255 habitu
668 1212 694 1255 s.
712 1193 768 1255 die
786 1196 833 1256 18.
846 1190 925 1256 Oct.
939 1196 1019 1270 1739

190 1317 345 1395 indutus,
363 1316 489 1377 eodem
506 1314 563 1377 die
579 1314 662 1376 anni
683 1334 764 1393 1740
780 1325 864 1377 vota
880 1315 1019 1376 sollem-

85 1463 93 1480 ·
190 1438 248 1499 nia
269 1437 439 1517 suscepit.
469 1436 656 1498 Absolutis
678 1438 712 1498 in
734 1437 826 1498 alma
843 1434 1020 1499 Salisbur·

190 1559 294 1641 gensi
314 1558 385 1619 ΡΡ.
403 1557 716 1620 Benedictinorum
739 1557 971 1619 universitate
993 1578 1019 1619 s.
1058 1512 1061 1555 Ι

190 1681 394 1762 theologiae
416 1679 543 1741 studiis
564 1679 622 1742 die
645 1684 695 1741 25.
712 1679 786 1740 Ian.
811 1683 890 1756 1746
907 1678 1020 1758 prima

190 1804 269 1865 Deo
294 1799 529 1882 omnipotenti
554 1800 675 1862 oblata
696 1799 880 1862 incruenta
904 1797 1021 1860 hostia

191 1923 298 1985 variis
315 1921 519 1985 monasterii
540 1920 666 1984 officiis
683 1921 734 1983 uti
751 1920 1020 1983 Poenitentiarii

191 2046 226 2108 in
244 2066 270 2108 S.
284 2056 414 2124 monte,
432 2063 594 2105 camerae
615 2043 832 2105 domesticae
849 2052 884 2104 et
901 2041 1021 2103 Tulbi·

191 2166 312 2249 gensis
346 2164 535 2246 praefecti‚
571 2164 673 2225 aulae
706 2161 1020 2226 Seitenstadiensis

190 2287 427 2349 Vindobonae
449 2285 745 2347 administratoris
767 2286 921 2348 maxima
941 2306 1019 2349 cum
1058 2332 1062 2495 1

191 2410 296 2472 laude
321 2420 376 2471 est
398 2408 550 2471 functus
580 2406 688 2471 Senio
707 2407 891 2470 confectus
907 2408 1020 2469 redux

192 2531 227 2592 in
249 2530 500 2592 monasterium
522 2530 768 2611 praefecturae
791 2531 901 2592 cellae
923 2530 1021 2591 vina-

160 2705 161 2708 ,
192 2652 265 2715 riae
284 2651 437 2715 officium
454 2652 772 2714 administravitet
793 2651 849 2714 die
876 2655 923 2714 18.
941 2650 1020 2714 Oct.

197 2794 287 2855 1790,
313 2773 493 2836 renovatis
516 2774 609 2836 votis
634 2773 863 2836 sollemnibus
884 2792 1021 2835 necnon

192 2897 249 2959 die
268 2901 317 2959 25.
332 2897 405 2960 Ian.
421 2900 499 2975 1795
513 2897 726 2959 sacerdotali
739 2897 919 2959 celebrato
933 2895 1022 2958 iubi-

191 3020 281 3101 lae0,
298 3019 357 3101 pie
374 3019 408 3081 in
421 3018 574 3081 Domino
588 3018 803 3081 obdormivit
820 3038 931 3080 senex
947 3018 1021 3080 fere
1060 3042 1062 3121 ἰ

193 3142 446 3224 octogenarius
463 3118 520 3203 die
538 3162 583 3202 11.
599 3143 687 3221 Apr.
709 3146 799 3219 1798.
1059 3130 1062 3183 Ι

279 3298 319 3360 ln
350 3301 458 3360 rebus
488 3297 666 3359 historicis
697 3298 830 3378 optime
858 3308 1021 3360 versatus

193 3420 346 3482 maxima
364 3440 441 3481 cum
460 3419 644 3501 diligentia
661 3429 696 3481 et
714 3440 797 3481 cura
814 3419 973 3500 scripsit:

280 3602 301 3656 l.
328 3598 523 3674 Spicilegium
548 3598 1022 3674 historico-genealogico-‹liplo-

193 3707 330 3761 maticum
355 3724 391 3760 ex
412 3705 619 3778 antiquissimo
644 3717 673 3758 et
694 3704 904 3759 florentissimo
927 3721 1023 3778 quon-

192 3810 259 3865 dam
273 3828 348 3883 agro
362 3808 550 3882 liillungano‚
565 3827 625 3882 quo
641 3822 761 3883 praeter
776 3809 833 3863 alia
850 3809 936 3883 plura
952 3827 1024 3863 vera

196 3928 225 3968 et
246 3916 376 3986 genuina
396 3915 483 3986 origo
505 3913 640 3967 Lotharii
658 3913 710 3968 ΙΙΙ.
732 3914 930 3987 imperatoris,
953 3931 1024 3968 nec-

192 4036 250 4072 non
277 4016 466 4071 Wichmanni
494 4017 712 4091 archiepiscopi
741 4015 1022 4091 blagtleburgensis

193 4121 340 4176 incolatus
354 4135 383 4175 et
397 4122 600 4194 patriotismus
614 4121 790 4176 Austriacus
807 4121 1021 4177 manifestatur.

192 4223 311 4298 Surae,
330 4226 408 4298 typis
426 4225 532 4279 Franc.
550 4224 609 4279 los.
627 4224 753 4280 lledter.
775 4240 864 4297 1705.
883 4224 924 4281 8⁰.

281 4365 318 4419 ll.
355 4364 595 4418 Exercitationes
633 4364 1022 4439 historico-diplomatico·

191 4469 409 4543 genealogicae
430 4467 466 4523 de
487 4469 597 4523 Norico
620 4468 766 4542 huiusque
788 4471 871 4542 regni
894 4472 1022 4544 antiquis

192 4572 319 4637 familiis,
333 4574 495 4647 praecipue
512 4570 670 4627 comitibus
684 4571 720 4627 de
732 4572 806 4628 Stile
824 4587 853 4628 et
866 4572 947 4639 Hest,
962 4574 1023 4629 fun-

191 4675 348 4734 datoribus
365 4675 505 4732 abbatiae
522 4674 780 4732 Seitenstettensis
798 4679 825 4731 in
841 4677 963 4733 Austria
980 4681 1022 4733 in·

191 4783 293 4838 feriori
310 4795 340 4836 et
357 4778 536 4837 haeredibus
554 4779 767 4836 celeberrimae
785 4780 912 4836 familiae
930 4784 1021 4838 comi-

191 4901 251 4942 tum
274 4886 311 4941 de
335 4884 440 4960 Sempt
461 4899 489 4940 et
513 4882 697 4959 Ebersberg.
724 4901 752 4941 2.
775 4900 846 4941 tom.
869 4889 897 4940 in
920 4885 970 4941 fol.
992 4889 1021 4942 in

191 5010 269 5046 caes.
287 5009 350 5062 reg.
368 4987 553 5044 bibliotheca
567 4989 706 5045 Lincensi
722 4988 844 5064 publica
860 4989 1019 5046 adservati.

192 5097 246 5150 lls.
264 5095 301 5150 .l.
320 5109 370 5166 45.

278 5218 329 5272 ΙΙΙ.
341 5216 528 5289 Genealogia
538 5219 677 5271 comitum
690 5217 727 5273 (le
737 5214 862 5291 Sempta
872 5231 902 5272 et
911 5215 1020 5272 Ebers-

192 5320 266 5393 berg
284 5336 313 5376 et
330 5324 469 5377 comitum
487 5319 523 5374 de
537 5318 610 5375 Stile
628 5336 657 5376 et
673 5320 753 5376 Heft.
779 5321 834 5376 Ms.
852 5323 881 5375 in
897 5322 1020 5377 archivo

191 5422 432 5480 Seitenstettensi
450 5423 599 5479 adservat.

1057 1024 1060 1043 .
1099 980 1158 1036 und
1181 987 1350 1036 westwarts
1373 978 1541 1053 gelegenen
1567 979 1761 1035 Provinzen
1791 979 1952 1035 Pannonica

1099 1084 1159 1140 und
1168 1084 1361 1147 Vindelicien‚
1371 1083 1445 1139 oder
1455 1082 1509 1138 der
1519 1083 1678 1157 heutigen
1690 1082 1832 1139 Lander
1840 1083 1951 1139 Oester·

1100 1189 1192 1255 reich,
1217 1185 1413 1256 Steiermark‚
1438 1187 1607 1253 Karnthem
1636 1188 1749 1243 Krain
1779 1187 1845 1244 und
1869 1188 1950 1255 Tirol,

1100 1293 1159 1349 und
1174 1311 1212 1348 an
1224 1290 1308 1348 selbe
1321 1297 1553 1348 ost-westwarts
1566 1292 1833 1365 angrenzenden
1842 1292 1950 1349 Lander

1100 1398 1224 1453 Baierns
1241 1397 1299 1452 und
1316 1397 1489 1470 Hungarns.
1511 1392 1540 1473 (i.
1558 1414 1587 1452 e.
1612 1396 1797 1454 Historica
1815 1411 1849 1454 et
1864 1400 1950 1454 critica

1100 1502 1138 1557 ad

1101 1607 1184 1679 regni
1202 1606 1304 1662 Norici
1321 1607 1410 1679 eique
1426 1604 1495 1661 olim
1519 1601 1556 1660 ab
1581 1606 1719 1661 oriente
1745 1619 1782 1662 et
1805 1606 1950 1663 occidente

1158 1502 1275 1577 planius
1297 1500 1539 1575 cognoscendam
1555 1500 1737 1557 historiam
1756 1504 1949 1578 antiquissimi

1101 1709 1259 1766 confinium
1273 1711 1493 1784 provinciarum
1507 1709 1697 1766 Pannoniae
1712 1723 1748 1767 et
1761 1710 1949 1775 Vindeliciat,

1099 1814 1147 1871 vel
1174 1832 1249 1889 quas
1278 1814 1367 1870 hodie
1394 1827 1505 1870 vocant
1533 1825 1656 1881 terras,
1690 1814 1872 1885 Austriae,
1895 1814 1950 1890 Sty·

1101 1921 1172 1985 riae,
1197 1918 1378 1983 Carinthiae‚
1400 1916 1560 1974 Carniolae
1584 1917 1838 1996 Rhaetiaeque‚
1863 1923 1950 1995 eisque

1100 2023 1139 2081 ab
1156 2027 1272 2079 oriente
1293 2038 1322 2078 et
1343 2022 1499 2079 occidente
1522 2022 1699 2079 confinium
1727 2039 1889 2082 terrarum
1907 2025 1950 2080 aa·

1100 2131 1202 2185 variae
1230 2143 1259 2185 et
1284 2128 1468 2201 Hungariae.
1500 2128 1556 2182 tls.
1587 2143 1607 2199 4
1636 2140 1723 2185 tom.
1748 2130 1796 2186 -In
1826 2129 1949 2187 biblioth.

1101 2232 1287 2289 Seitenstett.
1304 2232 1455 2288 adservat.

1183 2342 1567 2437 Scheichenberger
1582 2355 1844 2438 Leopoldus
1860 2357 1950 2439 (San-

1100 2471 1333 2552 Paulanus)‚
1351 2482 1455 2533 natus
1471 2482 1526 2533 est
1538 2471 1574 2533 in
1587 2472 1762 2539 Rastatt
1780 2477 1822 2540 in
1835 2496 1951 2559 magno

1102 2593 1232 2654 ducatu
1245 2592 1401 2655 Badensi
1418 2593 1475 2654 die
1494 2613 1518 2654 1.
1531 2592 1640 2655 Mart.
1662 2616 1776 2676 ¹791?
1795 2619 1826 2662 s.
1841 2600 1951 2662 habitu

1101 2715 1244 2778 indutus
1261 2715 1317 2777 die
1336 2720 1386 2779 28.
1399 2715 1485 2779 Dec.
1504 2721 1599 2794 1807;
1620 2720 1871 2786 sollemniter
1884 2742 1950 2805 pro

1101 2837 1217 2899 fessus
1234 2838 1290 2899 die
1308 2844 1337 2900 3.
1355 2838 1459 2901 Mart.
1481 2842 1575 2910 18113
1599 2845 1832 2908 sacerdotio
1850 2845 1950 2908 initia·

1101 2972 1159 3022 tus
1176 2960 1233 3022 die
1251 2964 1279 3023 8.
1293 2958 1392 3041 Sept.
1411 2966 1500 3023 1812.
1526 2961 1666 3024 Eodem
1683 2985 1792 3030 anno
1808 2970 1847 3032 in
1861 2971 1950 3051 lyceo

1103 3081 1388 3165 Clagenfurtensi
1402 3083 1583 3145 institutus
1597 3096 1656 3147 est
1669 3089 1878 3167 professor
1890 3099 1949 3152 stu·

1103 3205 1151 3267 dii
1162 3204 1284 3267 biblici
1293 3205 1333 3267 N.
1345 3205 1384 3268 T.
1395 3216 1431 3267 et
1443 3206 1703 3287 paedagogiae
1719 3212 1948 3275 sublimioris

1102 3328 1290 3389 Praeclara
1318 3327 1469 3390 docendi
1499 3327 1637 3390 ratione
1668 3341 1711 3393 et
1743 3334 1948 3397 urbanitate

1103 3449 1288 3511 iuvenibus
1301 3450 1469 3512 studiosis
1482 3450 1586 3511 valde
1603 3471 1643 3513 se
1660 3456 1864 3533 probavit.
1881 3456 1948 3519 Non

1102 3591 1181 3632 raro
1197 3581 1343 3653 rogatus
1360 3572 1466 3635 etiam
1483 3575 1630 3634 verbum
1653 3576 1835 3642 divinum
1857 3600 1947 3662 prae

1103 3694 1236 3755 dicavit
1264 3706 1337 3756 tum
1363 3696 1547 3776 studiosis,
1576 3704 1651 3757 tum
1682 3696 1826 3763 incolis
1861 3701 1947 3764 urbis

1103 3807 1137 3868 in
1162 3808 1319 3869 ecclesiis
1343 3809 1619 3888 parochialibus:
1644 3818 1684 3872 et
1711 3816 1946 3878 concionator

1103 3950 1269 4012 magnum
1297 3951 1424 3993 nomen
1452 3931 1584 3993 habuit.
1619 3931 1713 3994 Erat
1746 3950 1868 4015 poeta
1878 3987 1887 4017 ‚
1916 3948 1945 3997 et

1103 4063 1269 4133 poemata
1292 4053 1438 4134 festiva,
1468 4053 1622 4115 carmina
1650 4054 1774 4135 lyrica
1806 4061 1944 4121 omnino

1103 4176 1213 4253 bona,
1242 4174 1376 4256 elegias
1403 4175 1439 4237 in
1466 4175 1711 4255 ephemeride:
1748 4177 1943 4245 Carinthia.

1102 4298 1272 4377 inscripta
1301 4298 1493 4379 evulgavit.
1528 4298 1726 4361 Praeterea
1758 4313 1799 4363 et
1831 4322 1941 4366 rerum

1102 4429 1283 4502 gestarum
1305 4420 1456 4501 scriptor
1479 4430 1563 4482 erat.
1594 4420 1704 4482 Febri
1731 4434 1940 4488 consumtus

1103 4542 1189 4604 obiit
1206 4543 1263 4603 die
1285 4546 1330 4604 15.
1348 4542 1437 4604 Nov.
1460 4546 1549 4603 1825.

1188 4662 1330 4744 Scripta
1346 4663 1443 4745 typis
1456 4682 1627 4745 expressa
1637 4679 1847 4745 -praeter
1860 4688 1937 4752 poe·

1101 4787 1196 4839 mata
1213 4814 1254 4821 —
1271 4777 1427 4857 reliquit:

1188 4904 1209 4958 l.
1226 4902 1325 4960 lieber
1338 4903 1385 4959 die
1397 4905 1495 4960 Feuer
1507 4922 1553 4958 am
1563 4901 1691 4958 Abende
1705 4904 1763 4961 des
1771 4907 1938 4981 johannes·

1102 5007 1203 5064 festes.
1230 5006 1258 5083 (i.
1282 5028 1307 5064 e.
1334 5009 1379 5063 De
1401 5011 1469 5082 igne
1491 5010 1532 5064 sic
1553 5006 1633 5062 dieto
1655 5007 1807 5088 loannis)
1839 5010 1937 5085 Abge·

1101 5112 1208 5168 druckt
1230 5115 1257 5166 in
1275 5112 1327 5167 der
1346 5112 1508 5175 Carintbia‚
1534 5110 1624 5182 1815,
1647 5112 1704 5167 No,
1726 5128 1780 5186 24.
1807 5117 1937 5191 Klagen·

1102 5216 1169 5281 furt,
1194 5216 1342 5290 gedruekt
1364 5216 1422 5271 und
1445 5216 1563 5289 verlegt
1579 5232 1638 5270 von
1655 5214 1764 5273 Anton
1781 5218 1876 5276 Gelb.
1899 5225 1937 5290 4⁰.

1187 5322 1222 5376 Il.
1241 5320 1280 5375 W
1283 5322 1309 5375 ie
1326 5321 1393 5375 kam
1412 5323 1546 5375 Karnten
1562 5333 1649 5374 unter
1665 5318 1714 5375 die
1733 5322 1871 5380 Ffirsten
1886 5342 1936 5380 aus

1101 5425 1166 5480 dem
1184 5426 1285 5481 Hause
1303 5422 1486 5499 llabsburg?
1504 5421 1531 5501 (i.
1551 5442 1576 5479 e.
1596 5423 1767 5492 Quomodo
1785 5429 1937 5485 Carinthia
