4222 6106
871 496 913 506 —
957 460 1161 523 LXXXVI
1206 498 1246 506 -

193 688 237 749 de
253 687 328 749 vita
344 687 420 749 eius
437 686 587 767 edidit1).
616 687 658 751 In
674 695 750 749 arte
772 696 909 750 statuas
929 685 1087 770 fingendi
1110 687 1253 749 saeculo
1274 686 1397 768 quinto
1421 687 1559 749 decimo
1583 706 1662 749 cum
1686 687 1793 749 laude
1816 683 1926 747 nomi-

192 837 296 888 natur
322 825 433 888 frater
459 806 652 888 conversus
674 825 826 888 Ioannes
848 825 1004 888 Lentner
1030 825 1066 888 in
1092 825 1306 888 monasterio
1333 826 1380 887 ad
1403 822 1532 888 Scotos
1547 823 1834 905 Vindobonensi,
1865 823 1925 904 qui

192 985 271 1027 cum
288 966 474 1027 nonnullos
490 983 602 1026 annos
616 964 854 1045 (1436—1439)
869 973 971 1026 extra
988 963 1196 1027 coenobium
1212 963 1323 1027 vitam
1340 963 1484 1046 egisset,
1501 963 1722 1045 poenitentia
1739 962 1926 1045 perculsus

193 1103 297 1166 rediit
321 1111 357 1165 et
380 1114 455 1166 arte
479 1122 543 1164 sua
566 1103 670 1165 deum
694 1102 802 1165 coluit
825 1111 861 1165 et
884 1102 1078 1165 celebravit
1093 1103 1126 1183 ²).
1171 1102 1232 1165 Ab
1248 1101 1456 1185 Hertweigo
1471 1102 1582 1165 fratre
1605 1121 1778 1165 converso
1802 1122 1923 1165 mona-

192 1242 290 1305 sterii
314 1240 588 1304 Cremifanensis
611 1249 747 1323 narrat,
776 1241 835 1322 qui
858 1240 1001 1324 scripsit
1024 1242 1181 1323 annales,
1213 1261 1355 1333 ,omnes
1383 1240 1562 1305 fenestras
1589 1242 1793 1305 monasterii
1820 1241 1922 1305 vitris

191 1381 371 1464 pulchrius
394 1380 599 1444 decoratas“
615 1383 639 1462 ³)
671 1391 708 1444 et
737 1382 782 1443 de
805 1380 1041 1463 Reginhardo
1069 1383 1200 1444 abbate
1224 1379 1430 1445 Sazaviensi
1454 1391 1730 1444 commemorant
1752 1381 1834 1444 libri
1863 1401 1923 1444 an·

192 1521 306 1583 nales:
340 1519 426 1604 ,fuit
448 1539 518 1582 non
541 1519 687 1602 ignarus
711 1520 797 1583 artis
821 1532 856 1584 et
879 1519 1003 1602 omniS,
1035 1539 1127 1601 quae
1151 1539 1196 1582 ex
1219 1520 1312 1583 vitro
1340 1519 1417 1583 fieri
1445 1521 1552 1602 solet,
1584 1519 1873 1600 compositionis“
1889 1520 1922 1603 ⁴).

320 1658 445 1720 Fuisse
462 1658 579 1739 etiam,
597 1658 656 1739 qui
672 1657 930 1721 architecturae
947 1657 1151 1739 peritissimi
1168 1668 1298 1740 essent,
1320 1658 1408 1720 satis
1425 1660 1659 1740 comprobant
1678 1659 1760 1721 libri
1775 1660 1922 1722 annales

191 1797 482 1859 monasteriorum
506 1806 542 1858 et
565 1794 775 1878 magnificae
799 1796 972 1859 ecclesiae
995 1805 1050 1858 tot
1072 1795 1225 1859 saeculis
1247 1815 1318 1858 non
1342 1797 1554 1860 destructae.

324 1936 398 1998 Iam
422 1938 467 1998 ab
490 1935 646 2016 antiquis
669 1935 888 2017 temporibus
912 1935 1018 1998 etiam
1036 1936 1103 1999 arti
1119 1935 1276 1999 musicae
1292 1935 1565 2019 diligentissima
1582 1956 1666 1998 cura
1683 1935 1846 1999 adhibita
1869 1947 1924 1999 est

189 2076 224 2137 in
249 2075 409 2138 ecclesiis
433 2073 565 2136 ordinis
588 2074 709 2136 nostri.
740 2074 832 2155 Quin
857 2074 963 2136 etiam
987 2082 1113 2136 cantus
1134 2074 1285 2137 choralis
1300 2074 1455 2137 maxima
1470 2094 1555 2156 pars
1576 2082 1652 2137 erat
1669 2075 1785 2138 cultus
1802 2075 1923 2157 divini,

191 2216 330 2296 qualem
362 2235 388 2277 s.
416 2214 603 2277 Benedicti
633 2212 694 2277 filii
722 2216 888 2296 agebant.
932 2214 1042 2296 Apud
1069 2233 1191 2276 omnes
1219 2213 1362 2295 quidem
1389 2223 1585 2295 praecepta
1616 2213 1802 2296 primaria,
1831 2232 1923 2295 quae

189 2373 339 2435 magnus
354 2354 456 2434 Papa
477 2351 673 2434 Gregorius
696 2353 721 2416 I.
747 2354 942 2435 (590-604)
967 2353 1178 2436 instituerat,
1202 2354 1385 2435 valebant,
1418 2353 1509 2416 inter
1532 2353 1692 2436 singulos
1714 2372 1801 2415 vero
1823 2354 1921 2415 haud

190 2509 269 2553 raro
292 2511 422 2574 magna
446 2490 620 2553 dissensio
644 2491 903 2572 intercedebat,
928 2490 964 2554 id
989 2492 1084 2572 quod
1107 2491 1240 2555 factum
1264 2491 1400 2554 eratin
1424 2491 1648 2555 monasteriis
1664 2490 1922 2555 cremifanensi

191 2641 227 2693 et
259 2629 505 2692 Admontensi.
552 2627 703 2692 Saeculo
738 2629 843 2693 tertio
877 2630 1014 2694 decimo
1049 2633 1189 2721 demum
1224 2640 1350 2694 cantus
1386 2630 1537 2694 choralis
1568 2631 1603 2693 in
1636 2629 1859 2694 Germanicis
1888 2639 1924 2693 et

192 2769 391 2833 Austriacis
413 2769 636 2832 monasteriis
659 2770 825 2851 expletus
848 2771 1032 2852 magisque
1057 2782 1232 2852 aequatus
1254 2782 1318 2852 est,
1343 2791 1422 2834 cum
1447 2771 1554 2832 iidem
1581 2770 1786 2854 ,cantores“
1812 2788 1923 2851 saepe

189 2908 341 2989 plurium
365 2908 657 2971 monasteriorum
680 2910 871 2971 monachos
895 2910 1074 2972 erudirent
1098 2921 1134 2973 et
1158 2912 1336 2973 docerent.

320 3047 463 3129 Optime
487 3047 632 3110 meritus
656 3058 711 3111 est
735 3050 779 3109 de
802 3060 878 3110 arte
902 3048 1035 3110 musica
1059 3060 1094 3112 et
1118 3058 1223 3112 cantu
1245 3049 1446 3111 Fridericus
1470 3050 1515 3110 de
1531 3048 1635 3128 Aich,
1658 3050 1774 3111 abbas
1790 3046 1922 3111 Cremi-

187 3187 355 3268 fanensiS,
379 3208 400 3250 a
424 3207 493 3269 quo
517 3187 694 3250 annalium
717 3186 870 3266 scriptor
884 3198 1004 3249 narrat
1022 3187 1278 3272 ,introductum
1295 3206 1374 3250 esse
1390 3207 1492 3250 usum
1509 3188 1595 3250 artis
1611 3188 1788 3251 musicae“
1803 3191 1840 3269 5).
1881 3188 1920 3251 In

187 3326 359 3390 Bohemia
382 3347 408 3390 s.
434 3327 654 3390 Adalbertus
678 3326 832 3388 animum
855 3325 1006 3389 intendit
1029 3327 1064 3388 in
1089 3328 1274 3390 colendum
1306 3338 1447 3390 cantum
1479 3338 1515 3389 et
1551 3327 1585 3389 in
1609 3325 1796 3410 Hungaria
1820 3346 1921 3389 exer-

188 3469 317 3529 cebant
340 3486 420 3529 eum
443 3466 636 3547 praecipue
660 3465 821 3528 monachi
845 3465 977 3529 Montis
1001 3467 1183 3529 Panoniae
1198 3466 1232 3547 ⁶).

316 3606 391 3668 Iam
422 3625 507 3668 vero
542 3605 620 3687 ipsa
655 3626 712 3668 ars
748 3605 925 3668 scribendi
955 3606 1197 3689 pingendique
1233 3606 1368 3669 animos
1399 3606 1572 3669 excitavit
1604 3607 1649 3668 ad
1681 3605 1920 3669 doctrinarum

187 3746 354 3808 studium.
399 3745 440 3807 In
463 3746 518 3807 his
542 3744 729 3825 disciplina
752 3746 963 3828 theologica,
994 3745 1046 3808 uti
1075 3765 1140 3827 par
1168 3756 1232 3828 est,
1261 3746 1459 3828 principem
1481 3746 1599 3808 locum
1623 3744 1770 3808 obtinet.
1817 3745 1922 3826 Quod

186 3884 368 3966 theologia
392 3904 503 3965 usque
527 3885 572 3945 ad
596 3885 776 3946 saeculum
800 3895 965 3965 quartum
990 3884 1163 3947 decimum
1187 3884 1473 3967 comprehendit,
1504 3903 1575 3946 non
1604 3884 1750 3946 multum
1780 3895 1859 3946 erat
1885 3893 1922 3946 et

187 4023 221 4084 in
239 4021 497 4104 cognoscendis
513 4042 540 4085 s.
554 4021 739 4103 scripturis
756 4025 975 4105 versabatur,
993 4024 1161 4105 operibus
1178 4044 1204 4085 s.
1219 4025 1375 4106 Patrum,
1392 4022 1533 4105 normiS,
1551 4022 1693 4105 regulis,
1711 4023 1919 4104 canonibuS,

186 4159 306 4222 divino
323 4158 450 4241 officio,
468 4160 676 4223 ceremoniis
692 4161 736 4222 ad
754 4161 886 4222 cultum
903 4161 1059 4224 divinum
1076 4162 1143 4224 rite
1159 4163 1402 4244 peragendum
1416 4161 1687 4243 pertinentibus
1718 4161 1919 4244 Disciplina

185 4298 388 4380 dogmatica
412 4309 447 4360 et
470 4298 613 4361 moralis
635 4299 782 4362 libellis:
808 4301 873 4382 ,de
896 4299 976 4382 fide,
1001 4302 1045 4363 de
1069 4301 1246 4382 symb010,
1271 4303 1315 4363 de
1338 4301 1434 4363 vitiis
1459 4312 1495 4363 et
1518 4301 1696 4382 peccatis,
1726 4302 1771 4363 de
1795 4302 1919 4364 decem

184 4437 407 4519 praeceptis“
433 4447 606 4518 concepta
630 4448 706 4500 erat
731 4458 772 4500 ac
798 4438 896 4500 libris
921 4439 1084 4502 asceticis
1108 4441 1316 4503 tradebatur
1338 4450 1400 4503 aut
1425 4440 1590 4525 „Summa
1609 4440 1653 4501 de
1676 4439 1916 4520 poenitentia“

314 4734 335 4814 1)
361 4737 428 4794 Vita
451 4736 480 4793 b.
498 4737 683 4793 Thiemonis.

311 4848 333 4928 2)
358 4851 521 4916 Hauswirt,
544 4849 727 4906 Geschichte
746 4851 799 4907 des
815 4848 1097 4908 Schottenklosters
1114 4854 1143 4906 in
1160 4852 1257 4909 Wien.
1282 4851 1330 4908 Ab
1346 4853 1500 4909 Lentnero
1518 4853 1566 4909 illa
1583 4852 1741 4928 magnifica
1757 4851 1787 4910 b.
1804 4853 1918 4909 Mariae

183 4977 281 5020 statua
305 4967 334 5021 in
358 4983 410 5020 ara
434 4963 467 5020 B.
484 4963 523 5019 M.
541 4963 577 5020 V.
602 4963 751 5020 ecclesiae
776 4963 944 5020 claustralis
970 4965 1128 5020 conlocata
1152 4967 1298 5038 originem
1322 4968 1480 5040 accepisse
1505 4965 1646 5022 creditur.

311 5075 334 5153 ³)
358 5077 498 5145 Loscrth,
523 5075 825 5151 Geschichtsquellen
848 5095 907 5133 von
931 5078 1183 5134 Kremsmdnster.

311 5186 332 5266 ⁴)
356 5188 488 5245 Annales
512 5187 684 5245 Sazaviens¹

310 5297 332 5377 ⁵)
357 5301 455 5374 Hagn,
481 5301 607 5358 Wirkeu
631 5302 685 5357 der
707 5301 1023 5359 Benedictiner-Abtei
1048 5304 1299 5360 Kremsmdnster.

311 5408 333 5488 ⁶)
358 5412 558 5485 Ziegelbauer
584 5414 601 5470 Ι.
626 5432 652 5468 c.
678 5415 699 5470 1.
