4252 6112
933 481 980 491 --
1039 441 1111 527 ²78
1168 481 1214 491 -

203 647 369 722 bedrlingte
386 648 451 704 Zeit
472 649 531 704 und
552 648 609 705 den
630 650 844 725 preussischen
864 651 960 724 Krieg
982 646 1035 705 be·

204 751 340 808 treffend.
357 752 442 818 Lim,
459 753 582 809 ,illinzer
598 749 638 831 (0.
654 752 693 831 J.)
708 754 734 810 F
736 754 774 810 ol.

290 871 427 934 Nomen
455 871 522 933 sibi
554 873 774 953 comparavit
803 872 950 935 Maurus
977 891 1033 934 co-

100 1019 106 1033 ·
203 995 361 1056 moedias
393 1003 429 1057 et
461 994 657 1056 cantilenas
690 1013 850 1058 sermone
882 995 1032 1057 rustico·
1072 1020 1074 1029 ·

203 1116 348 1197 antiquo
365 1116 624 1179 conscribendo
641 1119 968 1199 componendoque,
986 1136 1032 1180 ex

203 1239 331 1320 quibus
348 1238 425 1320 ipso
442 1249 517 1302 turn
534 1238 569 1301 in
581 1239 673 1301 vivis
687 1240 784 1322 typis
796 1242 964 1303 mandata
977 1250 1032 1304 est
1070 1236 1074 1311 l

203 1361 403 1424 comoedia:

288 1488 325 1543 X.
347 1488 566 1563 Kurzweiliger
581 1478 854 1564 Hochzeituertrag
870 1509 905 1545 zu
923 1488 1032 1546 Unter·

202 1592 323 1667 haltung
336 1593 389 1649 der
401 1594 481 1649 Fran
493 1594 589 1649 Maria
599 1593 739 1660 Antonia,
753 1595 958 1668 Erzherzogin
970 1612 1031 1650 von

201 1697 413 1765 Oesterreich‚
440 1698 599 1773 Dauphine
622 1716 682 1754 von
708 1698 905 1756 Frankreich.
931 1696 1032 1773 Steyr,

202 1800 367 1857 Menhardt.
389 1815 481 1873 1770.
503 1799 564 1858 160.
586 1801 622 1858 16
640 1821 669 1877 p.

285 1905 339 1960 XI.
372 1905 429 1961 Die
457 1904 697 1981 Komddieprob.
730 1904 835 1981 Steyr,
863 1905 1031 1963 Menhardt.

205 2007 294 2082 1776.
313 2007 347 2065 80
363 2010 433 2065 min.
450 2008 492 2081 36
509 2028 538 2084 p.

287 2127 415 2191 Omnia
435 2147 527 2209 quae
554 2127 588 2190 in
613 2127 855 2210 manuscripto
879 2129 1032 2209 quodam

198 2250 437 2313 bibliothecae
458 2250 713 2312 Lambacensis
738 2271 759 2312 a
784 2249 894 2312 fratre
917 2249 1032 2312 Mauri

198 2373 307 2434 Petro
320 2371 519 2453 Theophilo
532 2372 747 2455 Lindemayr
760 2373 956 2454 composito
971 2373 1032 2434 ha-

196 2497 326 2557 bentur
348 2496 463 2557 denuo
486 2495 583 2557 edita
599 2494 826 2557 inveniuntur
841 2495 876 2557 in
892 2494 1031 2557 libello:

284 2620 350 2676 XII.
372 2620 496 2676 Maurus
512 2619 712 2694 Lindemayrs
733 2620 918 2676 siimmtliche
936 2619 1029 2675 Dich-

198 2738 310 2799 tungen
319 2727 347 2779 in
358 2722 884 2781 obderennsischerVolksmundart.
895 2723 1029 2778 Heraus·

197 2827 336 2903 gegeben
352 2846 413 2884 von
429 2828 500 2884 Pius
517 2827 703 2884 Schmieder.
727 2827 810 2895 Linz,
833 2825 1028 2883 Ebenhoech.

202 2932 294 3006 1875.
313 2932 347 2990 8⁰
363 2935 432 2989 min.
450 2931 512 3005 418
530 2952 559 3008 p.

281 3079 436 3153 Linder
450 3087 1028 3171 Fintanus(San·Blasianus).

196 3208 312 3271 Natus
330 3220 386 3271 est
402 3208 437 3271 in
450 3206 707 3290 Radolphszell
723 3206 758 3269 in
774 3227 904 3290 magno
922 3209 1027 3270 duca-

195 3343 233 3395 tu
251 3330 408 3394 Badensi
427 3330 483 3392 die
503 3349 530 3409 7.
548 3330 652 3393 Mart.
674 3334 769 3408 1725:
793 3350 819 3394 s
835 3330 960 3392 habitu
977 3329 1027 3392 in-

196 3455 302 3516 dutus
326 3453 362 3515 in
387 3452 469 3514 divo
490 3451 628 3523 Blasi0;
653 3450 868 3514 sollemniter
889 3451 1025 3532 profes-

196 3595 254 3637 sus
280 3575 337 3637 die
360 3579 388 3636 8.
409 3573 496 3635 Dec.
524 3594 617 3652 1744;
643 3573 842 3635 sacerdotio
867 3571 1025 3635 initiatus

121 3749 123 3752 <
196 3698 253 3762 die
271 3702 321 3760 23.
339 3696 426 3759 Maii
450 3699 540 3759 1850.
565 3696 661 3758 Inter
684 3704 827 3778 togatos
844 3695 1024 3758 scholares

195 3840 220 3882 s.
238 3818 349 3881 Blasii
366 3838 387 3879 a
404 3817 535 3880 teneris
552 3818 735 3898 educatus,
757 3827 900 3898 praeter
920 3816 1024 3879 solita

195 3942 312 4004 studia
329 3940 556 4003 addiscendis
577 3940 708 4022 linguis
729 3939 960 4002 orientalibus
981 3958 1023 4001 ea

194 4063 367 4127 industria
393 4074 429 4125 et
455 4081 497 4124 eo
521 4062 687 4144 profectu
711 4082 749 4124 se
773 4061 959 4143 impendit,
984 4071 1023 4124 ut

195 4206 265 4247 non
286 4185 397 4245 solum
422 4183 615 4246 iunioribus
637 4203 663 4246 s,
680 4183 806 4263 Blasii,
831 4184 894 4245 sed
918 4192 954 4245 et
977 4202 1022 4245 ex

193 4309 271 4370 aliis
293 4305 474 4368 ordinibus
495 4305 700 4367 monasticis
724 4314 760 4367 et
785 4304 965 4367 coenobiis
986 4304 1021 4367 in

194 4437 408 4492 conventum
425 4425 721 4490 San-Blasianum
742 4426 823 4489 ideo
844 4427 1020 4509 susceptis

193 4549 369 4634 religiosis
398 4550 540 4611 easdem
571 4548 773 4629 tradiderit,
806 4549 866 4630 qui
893 4548 1021 4612 deinde

193 4679 260 4737 hoc
277 4673 474 4756 linguarum
491 4670 646 4734 studium
662 4680 841 4753 tamquam
858 4690 1021 4734 necessa-

191 4798 280 4860 rium
297 4796 559 4876 comparandae
575 4813 698 4855 sacrae
715 4792 922 4856 eruditionis
938 4797 1019 4856 sub-

191 4919 319 4982 sidium
344 4917 439 4997 alibi,
464 4917 499 4978 in
523 4915 675 4997 publicis
697 4915 804 4978 etiam
828 4916 1019 4978 academiis

190 5049 443 5124 propagarunt.
457 5040 497 5102 In
511 5057 631 5101 eorum
640 5057 742 5101 usum
750 5037 1018 5121 grammaticam

190 5165 403 5227 Hebraicam
420 5162 518 5244 typis
534 5160 718 5240 commisit,
742 5180 763 5222 a
786 5161 943 5223 methodi
966 5159 1016 5222 fa-

192 5287 323 5348 cilitate
340 5296 376 5347 et
392 5283 572 5347 soliditate
588 5283 734 5346 multum
755 5283 945 5363 laudatam,
966 5283 1016 5346 in·

192 5426 260 5487 que
283 5409 382 5472 brevi
408 5408 525 5470 lexico
549 5406 802 5488 grammaticae
827 5404 949 5467 addito
974 5442 1016 5452 —

1115 645 1210 724 quod
1226 655 1310 707 tunc
1327 646 1498 728 temporis
1514 666 1593 710 raro
1608 644 1733 728 fiebat,
1750 648 1870 711 etiam
1886 649 1956 711 dia·

1112 766 1224 828 lectos
1235 767 1437 847 Arabicam,
1447 766 1632 850 Syriacam
1645 779 1681 832 et
1692 769 1952 852 Aethiopicam

1114 889 1344 969 comparavit.
1379 888 1578 952 Iunioribus
1606 890 1747 954 clericis
1782 911 1812 954 S.
1843 892 1948 956 Blasii

1113 1009 1370 1093 philosophiam
1386 1012 1533 1074 tradidit
1547 1012 1614 1094 bis,
1636 1023 1673 1076 et
1687 1024 1837 1095 partem
1853 1016 1948 1078 theo·

1111 1131 1228 1214 logiae
1242 1134 1407 1195 methodo
1415 1135 1520 1195 valde
1533 1134 1725 1199 succincta.
1739 1135 1947 1200 Adiunctus

1112 1253 1241 1316 deinde
1258 1254 1293 1317 in
1309 1255 1437 1337 Berau,
1461 1265 1498 1319 et
1519 1257 1711 1338 parochiae
1733 1258 1896 1323 vicarius
1915 1260 1946 1322 in

1113 1375 1255 1439 Bemau
1279 1387 1315 1439 et
1339 1374 1625 1459 Grafenhausen,
1649 1380 1847 1460 posteriori
1870 1382 1945 1445 loco

1112 1498 1214 1560 annis
1227 1498 1390 1561 undecim
1403 1501 1579 1573 consedit;
1596 1504 1702 1565 modo
1714 1502 1947 1568 honorificum

1113 1618 1267 1683 officium
1295 1621 1491 1703 praepositi
1518 1622 1554 1684 in
1577 1623 1737 1706 Biirglen
1766 1626 1943 1690 sustinuit

1111 1742 1176 1823 Ibi,
1194 1762 1278 1806 cura
1295 1743 1346 1805 rei
1363 1744 1579 1808 domesticae
1596 1748 1774 1810 saeculari
1796 1750 1946 1832 cuidam,

1113 1864 1173 1946 qui
1201 1865 1269 1946 ipsi
1293 1867 1386 1928 hunc
1412 1866 1446 1928 in
1470 1866 1574 1930 finem
1600 1868 1795 1934 adiunctus
1822 1870 1945 1951 fuerat,

1112 1986 1334 2068 potissimum
1358 1988 1491 2069 relicta,
1516 1991 1658 2053 lexicon
1682 2012 1858 2075 magnum
1877 1993 1946 2057 He·

1112 2110 1639 2192 braeo-rabbino·talmudicum,
1656 2116 1752 2194 quod
1766 2134 1944 2197 gramma·

1112 2231 1204 2294 ticae
1221 2244 1422 2295 secuturum
1435 2234 1704 2316 adpromiserat,
1722 2235 1796 2299 iam
1813 2239 1944 2300 dudum

1112 2353 1323 2437 inchoatum,
1340 2356 1386 2416 ad
1398 2354 1503 2418 finem
1517 2340 1693 2419 deducere
1706 2358 1944 2441 adlaboravit,

1112 2476 1157 2537 ad
1173 2477 1269 2539 vitae
1285 2476 1391 2540 finem
1408 2478 1485 2559 ipse
1502 2478 1606 2541 citius
1623 2499 1837 2562 properans.
1862 2483 1944 2564 lpsa

1112 2600 1211 2660 obesi
1228 2602 1387 2681 corporis
1403 2603 1514 2664 moles
1530 2603 1643 2665 morbi
1666 2623 1777 2667 causa
1799 2616 1865 2669 aut
1886 2606 1945 2669 ini·

1111 2720 1198 2782 tium
1214 2721 1291 2801 fuit,
1309 2722 1364 2784 cui
1381 2723 1563 2805 inopinato
1580 2725 1769 2788 succubuit
1792 2746 1945 2811 sexage-

1110 2842 1228 2905 narius
1257 2843 1312 2905 die
1341 2864 1387 2905 10.
1414 2844 1500 2906 Maii
1529 2850 1627 2924 1785:
1655 2866 1747 2928 opus
1776 2860 1945 2932 coeptum

1109 2968 1276 3028 manebat
1292 2966 1549 3047 imperfectum.

1196 3105 1300 3168 Prelo
1317 3106 1506 3170 commisit:

1195 3251 1217 3306 1.
1235 3251 1322 3326 Opus
1339 3254 1564 3324 grammaticum
1582 3250 1735 3308 Ebraeum
1755 3253 1799 3309 ad
1816 3255 1943 3312 solidam

1107 3372 1212 3411 sacrae
1233 3355 1352 3429 linguae
1375 3355 1598 3429 intelligentiam
1621 3354 1765 3412 methodo
1789 3359 1945 3434 analytica

1107 3459 1229 3516 ducens.
1248 3459 1361 3524 Ulmae‚
1384 3474 1475 3532 1755.

1193 3565 1229 3620 11.
1241 3563 1376 3621 Lexicon
1388 3552 1943 3626 Latino-ebraicum-rabbinico·thal·

1106 3666 1263 3724 mudicum.
1288 3669 1472 3743 blanuscript
1496 3665 1536 3744 (in
1560 3668 1683 3724 archivo
1705 3667 1945 3729 San-Paulano

1104 3772 1160 3827 uo.
1179 3769 1240 3850 96).

1191 3876 1242 3932 111.
1271 3875 1471 3933 Sunnenlelsii
1495 3877 1589 3951 Lapis
1619 3876 1715 3952 lydius
1743 3896 1816 3936 cum
1846 3900 1944 3958 opere

1103 3983 1299 4055 grammatico
1324 3978 1444 4037 Ebraeo
1469 3981 1500 4036 P.
1522 3981 1638 4037 Fintani
1660 3980 1776 4038 Linder
1802 3986 1943 4055 collisus,

1103 4103 1137 4141 ac
1155 4087 1351 4141 comminutus
1364 4087 1393 4140 in
1406 4083 1649 4141 Philebraeorum
1662 4088 1794 4159 gratiam
1811 4105 1944 4148 curante

1102 4189 1234 4246 eiusdem
1259 4191 1360 4264 operis
1382 4203 1517 4255 auctore,
1543 4189 1715 4246 academiae
1739 4187 1946 4253 scientiarum

1102 4291 1315 4350 Roboretanae
1324 4292 1467 4350 membro,
1478 4293 1592 4360 Ulmae‚
1603 4293 1834 4370 typisWohler.
1847 4300 1942 4374 1758.

1107 4414 1160 4455 121
1182 4417 1210 4473 p.
1229 4397 1271 4455 8⁰.

1186 4546 1452 4640 Lintzmeyer
1483 4556 1701 4639 Rupertus
1735 4558 1944 4638 (Emauti-

1100 4695 1177 4737 nus
1193 4674 1589 4758 Montserratensis),
1603 4675 1943 4746 BohemusPresti·

1100 4796 1226 4876 censis,
1250 4806 1355 4858 natus
1379 4816 1471 4859 anno
1496 4818 1586 4878 1714,
1612 4798 1822 4880 baptizatus
1848 4824 1872 4866 a
1899 4805 1942 4870 P.

1099 4918 1281 4980 Antonino
1296 4916 1438 4999 Oteeky
1455 4920 1528 4980 ord.
1542 4938 1568 4983 s,
1581 4919 1769 4982 Benedicti
1782 4920 1943 4991 (31111111-

1098 5039 1146 5101 bii
1163 5039 1325 5121 professo
1342 5052 1377 5102 et
1389 5040 1624 5103 Presticensis
1636 5041 1861 5110 residentiae
1874 5051 1941 5112 ad·

1098 5160 1346 5242 ministratore,
1371 5161 1553 5242 professus
1577 5181 1668 5226 anno
1694 5169 1786 5246 1737,
1811 5171 1942 5249 primi·

1096 5283 1164 5346 tias
1181 5284 1374 5347 celebravit
1390 5284 1425 5346 in
1442 5285 1557 5364 patria
1573 5305 1637 5347 sua
1649 5273 1820 5351 Piesticii
1837 5312 1938 5358 anno

1099 5426 1180 5484 1710
1197 5405 1385 5468 comitante
1402 5406 1517 5487 ipsum
1530 5404 1749 5490 Hieronymo
1763 5407 1940 5480 Cechner
