4222 6106
892 489 1149 557 „41-

167 696 271 735 carmen
279 671 596 751 Latinum'elegiacum
608 676 797 751 inscriptum:
808 676 976 734 Valedictio

162 782 249 838 monti
261 780 448 847 Bezddzensi¹
470 780 553 855 quod
570 798 691 836 carmen
716 782 744 836 in
766 783 831 836 eius
851 781 978 838 historia

156 883 306 940 Emautina
322 884 508 961 descriptum
524 884 712 941 adservatur.

238 1018 313 1081 Non
330 1020 419 1082 satis
435 1020 638 1082 adumbrari
651 1030 782 1102 potest,
799 1041 903 1103 quam
921 1040 978 1083 co·

141 1138 260 1221 piosa,
276 1150 313 1204 at
328 1160 415 1204 vero
432 1142 539 1206 etiarn
557 1162 663 1224 quam
679 1141 859 1224 exquisita
880 1141 979 1204 inde-

136 1258 264 1325 fessus
287 1262 449 1327 Cechner
471 1263 507 1326 in
532 1264 674 1345 scriptis
703 1263 777 1326 suis
805 1264 978 1347 exegerit.

132 1377 289 1464 Omnia,
314 1405 407 1466 quae
431 1385 583 1467 scripsit,
612 1386 792 1448 volumina
818 1386 921 1448 brevi
944 1386 979 1448 in

128 1516 343 1587 conspectu
374 1506 459 1589 poni
487 1506 592 1570 facile
623 1517 814 1591 nequeunt.
852 1507 979 1589 Quoad

125 1619 213 1686 eius
228 1626 311 1691 fieri
323 1638 456 1711 potest,
468 1629 609 1692 omissis
622 1630 791 1712 plurimis,
802 1650 859 1692 res
872 1651 979 1711 quae·

122 1744 218 1809 dam
240 1750 278 1813 in
295 1751 500 1833 exemplum
519 1751 758 1815 subiciuntur:

225 1893 363 1951 Enarrat
389 1896 494 1951 merita
518 1909 549 1952 et
573 1896 673 1970 elogia
694 1897 808 1954 ordinis
835 1897 979 1954 Benedic-

121 1990 178 2047 tini
202 1997 241 2053 in
259 1999 415 2056 Bohemia.

225 2100 334 2160 Habet
360 2104 517 2160 historiam
545 2117 575 2160 et
602 2104 703 2179 elogia
730 2106 893 2180 primorum
925 2124 978 2161 sex

120 2197 407 2264 Benedictinorum
429 2211 643 2284 episcoporum
665 2210 861 2284 Pragensium
882 2222 911 2264 et
931 2228 979 2265 ar·

122 2300 331 2388 thiepiscopi
348 2312 476 2370 Zoubek
492 2312 530 2369 de
545 2313 717 2389 Bileuberg,
733 2313 928 2370 Benedictini.

226 2433 399 2491 Enumerat
421 2454 527 2492 omnes
555 2439 810 2511 congregationes
834 2436 979 2493 Benedic-

124 2538 229 2593 tinas..

226 2644 347 2700 Omnes
375 2644 575 2701 miraculosas
599 2658 630 2700 et
652 2647 806 2719 gratiosas
834 2647 979 2720 imagines

126 2753 264 2804 sanctas
279 2748 363 2824 apud
379 2749 592 2805 Benedictinos
610 2763 740 2806 enarrat.

229 2852 319 2908 Ordo
351 2853 564 2910 Benedictinus
595 2867 671 2928 quot
704 2852 814 2909 habeat
845 2854 978 2909 thauma-

126 2954 261 3023 lurgos,

226 3058 333 3116 Habet
360 3059 532 3135 catalogum
556 3062 740 3136 scriptorum
764 3075 795 3118 et
819 3061 977 3117 doctorum

122 3156 261 3219 ordinis
278 3182 302 3219 s.
319 3163 486 3219 Benedicti.

226 3266 398 3323 Enumerat
420 3269 636 3343 imperatores,
659 3288 762 3343 reges,
784 3271 905 3344 reginas
929 3288 979 3325 or-

115 3353 244 3425 dinem
265 3390 290 3426 s.
311 3371 467 3427 Benedicti
488 3371 657 3447 professos,
681 3375 878 3450 principissas
898 3374 980 3430 ordi·

114 3474 204 3524 nem
230 3473 310 3532 hunc
326 3477 493 3550 ingressas.

232 3577 336 3636 Habet
371 3579 542 3654 catalogum
579 3598 763 3637 summorum
794 3581 978 3657 pontificum,

102 3677 319 3738 Sanctorum
349 3683 575 3759 apostolorum,
612 3698 785 3741 sanctorum
817 3700 978 3761 martyrum

95 3773 263 3841 ⁰rdinis
277 3789 385 3843 nostri.

233 3888 336 3946 Habet
361 3893 554 3947 summarium
582 3892 831 3967 indulgentiarum
858 3913 978 3951 crucum

82 3982 118 4024 ⁸·
147 3995 284 4052 patris
300 3994 465 4052 Benedicti.

232 4095 335 4154 Habet
350 4111 382 4154 et
397 4112 536 4155 recenset
547 4100 728 4168 academias,
746 4120 821 4175 quas
838 4116 979 4158 rexerunt

73 4166 343 4259 Benedicent.

100 4377 111 4387 ·
237 4303 386 4362 Recenset
401 4309 501 4362 omnia
517 4310 700 4364 monasteria
716 4309 830 4366 ordinis
845 4329 870 4366 s.
884 4312 979 4366 Bene·

71 4370 228 4469 rheti.
251 4409 379 4483 quand0,
396 4408 447 4467 ubi
464 4423 494 4466 et
510 4430 528 4467 a
544 4430 605 4487 quo
622 4409 764 4469 lundata?

240 4528 295 4587 Dat
310 4530 406 4588 lusam
423 4534 560 4589 notitiam
577 4534 765 4591 celeberrimi
781 4538 890 4593 montis
907 4535 979 4593 Ser·

71 4610 170 4668 rati
213 4629 257 4688 in
271 4635 427 4712 Hispania.

241 4756 344 4814 Narrat
370 4758 408 4814 de
435 4760 554 4833 origine
581 4759 678 4816 cultus
705 4759 828 4817 beatiss.
853 4764 979 4838 virginis

124 4845 416 4918 ⁰¹1tserratensis
432 4863 462 4918 in
477 4861 651 4921 Germania.

94 5036 130 5101 S
240 4982 337 5041 Habet
350 4984 506 5041 historiam
524 4988 657 5061 separati
673 4986 853 5045 Viennensis
869 4993 978 5048 montis

131 5070 267 5142 errati
290 5106 309 5143 a
335 5088 482 5163 Pragensi
510 5103 540 5146 et
565 5091 719 5166 prioratus
740 5091 920 5150 Viennensis
948 5096 976 5151 in

111 5152 300 5248 abbatiam
316 5191 437 5249 elevati.

241 5311 388 5370 Recenset
410 5316 510 5370 omnia
536 5333 632 5391 opera
658 5335 766 5375 novem
795 5319 935 5376 classium
958 5339 976 5375 a

145 5391 347 5474 leleberrimo
376 5435 433 5495 per
461 5417 566 5476 orbem
596 5434 670 5477 noto
700 5422 834 5480 secundo
865 5422 976 5482 abbate

1057 676 1306 731 hlontserratensi
1330 675 1491 731 Emautino
1515 676 1627 731 Ioanne
1651 676 1829 732 Caramuele
1852 677 1889 733 de

1057 777 1218 835 Lobkovic
1234 778 1323 835 edita.

1145 884 1253 939 Omnia
1278 902 1373 959 opera
1393 884 1559 941 doctissimi
1584 888 1681 960 quarti
1703 886 1888 942 Montserra-

1059 989 1153 1043 tensis
1174 988 1324 1044 Emautini
1345 987 1464 1045 abbatis
1486 989 1593 1045 Didaci
1614 1008 1632 1045 a
1653 990 1808 1057 (tant-ero,
1832 989 1888 1046 sub

1059 1112 1120 1167 quo
1141 1092 1410 1168 archiepiscopalis
1427 1094 1629 1169 typographia
1649 1108 1715 1150 erat
1735 1097 1764 1151 in
1787 1112 1889 1150 mona·

1059 1198 1154 1252 sterio
1171 1196 1343 1253 Emautino

1145 1301 1310 1357 Enumerat
1325 1319 1419 1376 opera
1432 1302 1613 1358 Veremundi
1630 1303 1756 1367 Proche.
1774 1305 1888 1377 egregii

1060 1407 1219 1481 scriptoris
1231 1404 1382 1461 Emautini
1395 1405 1491 1462 altero
1507 1408 1643 1481 proxime
1659 1425 1738 1462 anno
1754 1420 1824 1463 ante
1837 1425 1889 1463 an-

1060 1528 1127 1566 num
1149 1524 1229 1584 1750
1246 1511 1364 1565 mortui.

1145 1614 1344 1688 Consignarit
1355 1633 1459 1670 omnes
1475 1617 1588 1689 gratias
1602 1614 1749 1671 exhibitas
1761 1634 1779 1671 a
1791 1617 1889 1672 Matre

1060 1717 1159 1775 divina
1176 1721 1205 1774 in
1223 1732 1323 1773 monte
1339 1719 1476 1774 Mariano
1493 1718 1616 1775 Bezddz.

1146 1822 1246 1878 Habet
1258 1824 1357 1878 omnia
1368 1822 1467 1897 elogia
1480 1825 1610 1897 poetica,
1621 1823 1888 1898 adgratulationes‚

1059 1941 1283 2002 anagrammata
1314 1927 1475 1984 abbatibus
1502 1928 1668 1984 Emautinis
1698 1928 1790 1997 lacta;
1824 1932 1888 2005 ipse

1059 2050 1183 2106 quoque
1199 2031 1299 2106 elogia
1314 2033 1573 2107 praestantissima
1591 2032 1670 2089 lecit.
1710 2084 1717 2101 ,

1145 2134 1246 2192 Habet
1267 2136 1422 2192 historiam
1443 2137 1485 2191 lX
1505 2136 1780 2211 pseudo-abbatum
1807 2158 1889 2195 com·

1059 2240 1313 2297 mendatoriorum
1331 2243 1359 2295 in
1376 2243 1559 2296 monasterio
1576 2241 1736 2297 Emautino
1753 2256 1889 2318 tempore

1059 2346 1251 2400 hussitarum.

1145 2448 1410 2505 Habethistoriam
1419 2448 1518 2506 XVlll
1527 2450 1802 2507 administratorum
1816 2469 1888 2506 con·

1059 2555 1171 2609 sistorii
1195 2554 1430 2627 utraquistarum
1456 2554 1484 2608 in
1507 2556 1691 2610 monasterio
1714 2554 1888 2611 Emautino·

1058 2655 1250 2713 Slovanensi.

1059 2838 1062 2843 Ι
1144 2760 1246 2817 Habet
1262 2761 1359 2818 bullas
1377 2779 1568 2817 romanorum
1584 2762 1775 2837 pontificum:

1145 2885 1266 2940 loannis
1275 2883 1355 2940 Vlll.
1365 2883 1463 2940 dantis
1476 2884 1625 2940 licentiam
1635 2885 1775 2941 Bohemis
1788 2887 1889 2961 lingua

1059 2988 1180 3045 Slavica
1188 3007 1293 3044 sacras
1303 2991 1410 3045 missas
1423 3001 1453 3044 et
1465 2988 1565 3045 officia
1575 2990 1675 3046 divina
1684 2989 1887 3065 persolvendi.

1145 3110 1266 3165 loannis
1281 3110 1363 3166 Xlll.
1381 3110 1438 3165 hoc
1455 3109 1643 3185 privilegium
1660 3114 1843 3168 revocantis.

1146 3232 1308 3288 Clementis
1332 3231 1383 3288 Vl.
1411 3231 1449 3287 ad
1475 3250 1584 3307 preces
1612 3234 1804 3308 imperatoris
1829 3234 1887 3290 Ca·

1059 3336 1115 3392 roli
1132 3335 1183 3393 IV.
1199 3335 1348 3391 licentiam
1365 3335 1442 3391 hanc
1461 3337 1567 3391 iterum
1589 3336 1780 3411 indulgentis,
1806 3350 1838 3393 ut
1858 3339 1887 3393 in

1059 3441 1172 3496 Emaus
1196 3441 1295 3495 omnia
1316 3437 1416 3495 officia
1439 3439 1539 3495 divina
1560 3440 1661 3514 lingua
1676 3438 1798 3498 Slavica
1818 3460 1887 3517 per·

1059 3545 1225 3602 solvantur.

1146 3648 1309 3704 Alexandri
1326 3648 1390 3704 Vll.
1412 3648 1616 3724 dispensantis
1636 3668 1654 3704 a
1674 3663 1823 3725 perpetuo
1845 3652 1886 3706 ie·

1059 3756 1139 3811 iunio
1157 3756 1185 3809 in
1201 3753 1324 3820 Emaus,
1341 3766 1515 3808 remanente
1528 3754 1646 3809 nomine
1658 3755 1819 3810 strictioris
1831 3753 1887 3811 ob·

1059 3860 1229 3915 servantiae
1245 3858 1522 3913 Montserratensis.

1145 3962 1307 4019 Clementis
1324 3962 1360 4017 Χ.
1382 3979 1474 4036 super
1494 3961 1695 4036 indulgentias
1712 3965 1885 4019 monasterii

1059 4082 1089 4123 et
1104 4069 1234 4122 creantis
1250 4066 1302 4122 Ill.
1319 4066 1606 4121 Montserratensem
1623 4066 1813 4122 Emautinum
1832 4066 1886 4123 ab·

1058 4172 1159 4229 batem
1183 4170 1343 4227 Antonium
1367 4169 1405 4225 de
1428 4166 1517 4225 Sotto
1538 4170 1685 4226 Maiorem
1708 4173 1885 4247 episcopum

1058 4274 1277 4348 suffraganeum
1305 4274 1467 4348 Pragensis
1494 4274 1715 4351 archiepiscopi
1743 4276 1885 4332 Matthaei

1058 4378 1185 4436 Zoubelt
1201 4379 1239 4435 de
1255 4377 1416 4452 Bilenberg
1432 4397 1468 4434 ex
1485 4377 1631 4434 ordines.
1649 4379 1812 4435 Benedicti.

1145 4484 1310 4540 Innocentii
1337 4483 1418 4539 Xlll.
1447 4482 1545 4538 dantis
1572 4482 1772 4556 indulgentias
1799 4485 1885 4541 altari

1059 4589 1249 4664 privilegiato
1273 4590 1437 4643 animarum
1465 4584 1672 4643 defunctorum
1699 4589 1729 4643 in
1756 4589 1885 4645 ecclesia

1059 4693 1227 4749 Emautina.

1145 4795 1300 4853 Describit
1320 4797 1535 4852 coronationes
1557 4813 1662 4870 regum
1685 4796 1846 4851 Bohemiae
1866 4814 1884 4851 a

1058 4903 1170 4958 loanne
1192 4899 1453 4974 Luxemburgensi
1477 4917 1574 4974 usque
1596 4898 1634 4955 ad
1658 4899 1818 4975 Iosephum
1834 4901 1883 4967 ΙΙ.,

1058 5008 1142 5062 cuius
1158 5007 1316 5062 coronatio
1331 5022 1392 5059 non
1408 5003 1470 5060 suit.

1143 5109 1244 5166 Habet
1266 5107 1431 5184 diplomata
1453 5108 1666 5182 imperatorum
1687 5120 1718 5163 et
1738 5125 1842 5183 regum
1865 5128 1883 5166 a

1056 5213 1167 5271 Carolo
1183 5213 1235 5271 lV.
1251 5229 1347 5287 usque
1363 5212 1401 5267 ad
1417 5211 1542 5267 Mariam
1558 5209 1746 5269 Theresiam.

1141 5316 1249 5374 Adfert
1264 5315 1484 5372 adlocutionem
1496 5316 1602 5371 summi
1614 5315 1766 5391 pontificis
1779 5318 1822 5376 Pii
1832 5318 1882 5375 VI.

1056 5424 1095 5480 ad
1111 5425 1322 5497 imperatorem
1339 5419 1501 5496 Iosephum
1517 5418 1555 5476 Il.

1626 5522 1642 5571 6
