4222 6106
917 480 1198 550 -454-

185 667 331 731 cimeliis
347 666 488 728 musicis
506 673 682 726 oneratus,
705 663 774 725 Die
791 668 821 726 ό.
835 662 915 726 001.
933 669 1011 742 1743

185 789 332 869 primam
356 789 434 848 Deo
457 787 636 849 victimam
664 794 850 866 neomysta
874 785 1012 848 obtulit.

184 909 393 972 Praefectus
415 908 511 969 chori
534 907 658 968 musici
679 907 767 969 obiit
792 907 848 968 die
873 911 902 970 5.
924 907 1012 988 Apr.

189 1037 279 1109 1707.

271 1150 380 1213 Cuius
407 1149 473 1212 viri
500 1158 625 1211 extant
655 1167 765 1229 opera
796 1148 932 1209 musica
959 1167 1013 1208 se-

186 1271 345 1353 quentia:

272 1397 294 1452 Ι.
312 1397 457 1451 Miserere
475 1394 595 1470 Papale,
614 1395 805 1469 completum.

272 1501 308 1555 ll.
327 1499 367 1571 38
385 1500 519 1567 Cantica,
536 1517 613 1572 quae
630 1499 696 1554 ltali
713 1501 792 1554 arias
809 1498 911 1554 dicunt
928 1494 1014 1576 (anti-

187 1605 315 1680 phonae,
340 1606 457 1659 cantica
477 1621 534 1679 pro
555 1602 685 1659 adventu
710 1617 739 1659 et
763 1599 1014 1680 quadragesima).

272 1709 323 1764 lll.
342 1708 454 1763 Cantus
471 1707 508 1762 ad
525 1709 638 1763 initium
654 1709 733 1773 anni,
757 1706 924 1762 cantilenae
940 1725 1015 1780 nup-

187 1813 282 1869 tiales.

272 1917 322 1972 lV.
339 1915 605 1971 Bacchanaliorum
622 1915 697 1970 sinis.
722 1915 823 1970 Lusus
840 1916 981 1969 musicus.

272 2020 308 2076 V.
326 2019 498 2094 Antiphone
520 2038 576 2094 pro
598 2018 676 2074 festo
694 2032 809 2093 septem
828 2017 1015 2074 fundatorum

188 2123 301 2180 ordinis
318 2143 474 2179 servorum
492 2123 524 2178 B.
542 2123 655 2177 Mariae
668 2123 704 2178 V.
727 2118 816 2194 1767.

275 2268 406 2363 Spath
427 2281 664 2343 Demetrius
681 2280 882 2362 Aloysius
907 2281 968 2362 (de
990 2301 1017 2343 s.

188 2399 328 2460 Monte
364 2398 639 2479 Pannoniae),
678 2398 820 2459 Posonii
859 2399 1018 2460 eiusdem

189 2539 276 2582 com.
302 2519 337 2580 in
358 2519 545 2600 Hungaria
569 2519 626 2580 die
651 2541 679 2596 9.
697 2520 771 2581 Iun.
798 2523 878 2581 1813
903 2529 1018 2601 natus,

190 2660 216 2703 5.
238 2640 362 2702 habitu
386 2640 443 2702 die
472 2644 518 2701 16.
541 2638 620 2703 Oct.
647 2645 728 2703 1830
750 2641 911 2722 indutus,
934 2651 1019 2703 vota

189 2762 373 2823 sollemnia
396 2761 453 2822 die
476 2783 526 2822 21.
544 2763 632 2843 Apr.
655 2766 734 2825 1835
758 2762 873 2825 emisit
898 2771 934 2825 et
957 2765 1018 2824 ab·

190 2882 317 2944 solutis
332 2882 368 2943 in
385 2903 411 2943 s.
427 2893 545 2944 monte
559 2904 585 2946 s.
599 2884 801 2964 theologiae
818 2883 944 2945 studiis
961 2885 1018 2945 die

191 3007 240 3066 26.
258 3003 320 3064 Iul.
343 3007 422 3065 1838
439 3006 628 3085 presbyter
644 3004 827 3067 ordinatus
844 3013 907 3066 est.
937 3008 1018 3067 1838

191 3129 314 3201 --1841
340 3124 521 3204 professor
543 3146 665 3207 gymn.
690 3127 823 3208 Papae,
852 3131 1020 3207 1842—50

189 3245 330 3325 Iaurini,
353 3249 517 3308 1850-62
533 3245 709 3327 Sopronii,
728 3252 893 3311 1862—63
907 3248 1018 3310 archi-

189 3366 309 3427 varius
337 3367 370 3428 in
399 3368 545 3430 abbatia
572 3369 612 3430 B.
637 3369 684 3431 M.
709 3370 752 3431 V.
782 3372 826 3432 de
853 3370 1017 3451 Dcimiilk,

196 3492 361 3549 1803-οδ
388 3489 568 3570 professor
591 3511 711 3572 gymn.
737 3491 923 3574 Strigonii,
951 3494 1018 3554 1100

189 3632 281 3673 anno
309 3611 365 3673 die
395 3633 444 3674 22.
474 3611 552 3674 Oct.
581 3614 775 3693 apoplexia
803 3625 920 3676 tactus
944 3614 1016 3677 vita

191 3734 309 3796 cessit.
335 3732 499 3814 Scripsit:

276 3860 332 3914 Ein
350 3860 439 3916 Wort
456 3859 531 3916 iiber
547 3859 739 3934 Aulklarung
760 3861 818 3917 und
842 3862 1019 3918 Menschen·

190 3962 277 4019 liebe.
299 3959 327 4040 (i.
346 3982 371 4018 e.
391 3964 546 4032 Quaedam
564 3964 601 4020 de
618 3966 815 4039 intelligentia
831 3985 865 4021 ac
884 3965 1020 4022 doctrina

191 4078 221 4120 et
249 4069 372 4121 caritate
400 4070 521 4140 generis
549 4067 690 4147 humani.)
725 4070 758 4124 ln
785 4088 890 4144 progr.
919 4089 1019 4144 gymn.
1059 4126 1062 4140 ‚

191 4168 322 4243 Sopron.
346 4169 471 4243 1852f‘3.
489 4178 530 4242 4⁰.
549 4191 577 4246 p.
596 4173 690 4241 3—8.

279 4295 409 4388 Spdth
432 4309 685 4391 Fulgentius
710 4310 886 4373 Carolus
911 4313 972 4393 (de
994 4332 1020 4373 5.

191 4423 334 4485 Monte
372 4426 646 4508 Pannoniae),
682 4428 827 4489 Posonii
865 4417 1022 4490 eiusdem

192 4564 278 4606 com.
297 4546 330 4608 in
347 4546 534 4629 Hungaria
558 4549 615 4610 die
644 4571 690 4613 11.
708 4551 781 4612 Ian.
805 4555 881 4613 1802
907 4559 1021 4631 natus,

1095 684 1116 724 a
1133 662 1242 724 sacris
1260 660 1374 722 Ginsii
1395 664 1572 740 1830-42,
1591 658 1785 740 superioris
1800 660 1895 726 domus

1095 794 1131 846 et
1144 783 1329 845 directoris
1342 781 1520 863 gymnasii
1531 779 1734 843 Ginsiensis
1750 784 1895 867 1842-50,

1095 904 1285 986 superioris
1299 905 1424 965 domus
1438 903 1569 964 ibidem
1583 905 1763 983 1850-51,
1777 907 1894 968 01110115

1095 1029 1235 1088 demum
1252 1046 1273 1086 a
1290 1025 1401 1087 sacris
1417 1023 1452 1085 in
1469 1024 1616 1086 abbatia
1632 1025 1674 1087 B.
1684 1023 1732 1085 M.
1743 1023 1785 1085 V.
1798 1025 1834 1085 de
1843 1027 1894 1089 Di·

1095 1148 1191 1209 mdlk
1204 1151 1371 1224 1851-74
1384 1145 1612 1208 laudabiliter
1623 1145 1777 1224 1111101115,
1787 1147 1840 1207 hoc
1850 1168 1892 1210 an·

1095 1289 1140 1331 no
1157 1269 1214 1330 die
1233 1273 1283 1330 15.
1299 1268 1386 1330 Μ111
1402 1268 1460 1349 pie
1477 1267 1512 1328 in
1529 1267 1683 1329 Domino
1705 1267 1889 1330 obdormivit.

1183 1407 1283 1469 Artis
1296 1407 1459 1488 poeticae
1473 1406 1755 1468 studiosissimus
1767 1406 1888 1487 scripsit:

1182 1553 1204 1607 Ι.
1234 1550 1358 1606 Librum
1386 1553 1589 1626 precatorium
1619 1551 1722 1624 lingua
1749 1550 1888 1606 Germanica

1096 1657 1229 1721 Posonii,
1248 1669 1280 1711 ut
1296 1669 1380 1730 patet
1396 1674 1432 1711 ex
1449 1653 1722 1729 autobiographia.

1183 1761 1219 1816 ll.
1236 1760 1384 1834 Lyrische
1398 1759 1556 1816 Gedichte.
1575 1756 1604 1838 (i.
1618 1778 1645 1815 e.
1662 1760 1796 1815 Carmina
1806 1755 1888 1832 171101.)

1096 1865 1196 1930 Wien,
1219 1863 1309 1935 1845.
1329 1863 1370 1919 8⁰.

1183 1969 1235 2024 lll.
1253 1968 1475 2024 Glockenttine.
1493 1947 1599 2046 (Liber
1614 1964 1759 2045 precum).
1775 1964 1887 2024 Ginsss‘l

1183 2075 1233 2130 lV.
1257 2073 1362 2129 Niklas
1385 2073 1515 2147 Jurisits
1546 2073 1603 2128 Ein
1627 2071 1831 2128 dramatisches
1847 2069 1889 2126 Ge·

1097 2177 1178 2233 dicht
1194 2196 1253 2233 von
1271 2179 1307 2234 K.
1325 2179 1357 2233 F.
1376 2175 1482 2252 Spath.
1500 2176 1595 2242 Giins,
1618 2175 1709 2248 1851.
1728 2175 1769 2233 8⁰.
1786 2189 1816 2248 75
1831 2195 1852 2250 p.

1184 2282 1219 2337 V.
1238 2280 1455 2336 Herbstrosen.
1473 2280 1651 2336 Gemischte
1668 2280 1818 2337 Gedichte.
1832 2276 1890 2356 (Car-

1098 2383 1199 2464 mina.)

1183 2490 1234 2546 Vl.
1263 2489 1460 2562 Festgedicht
1488 2508 1552 2544 zum
1582 2488 1756 2544 feierlichen
1776 2483 1891 2561 Emplaug

1097 2596 1183 2650 lhrer
1202 2594 1231 2650 k.
1249 2593 1278 2650 k.
1295 2613 1344 2668 ap.
1361 2593 1478 2667 Majest.
1495 2594 1592 2648 Franz
1607 2593 1723 2668 Joseph
1739 2592 1761 2647 Ι.
1783 2588 1891 2646 11011811-

1098 2697 1204 2754 sabeth
1229 2700 1258 2752 in
1279 2696 1492 2770 Martinsberg.
1518 2693 1547 2774 (i.
1570 2715 1597 2752 e.
1622 2697 1752 2752 Carmen
1772 2693 1891 2752 sollenne.

1098 2821 1164 2857 cum
1189 2803 1412 2857 sacratissimae
1442 2802 1615 2856 maiestates
1643 2801 1815 2855 Franciscus
1834 2798 1892 2852 Iose-

1097 2906 1175 2981 phus
1191 2907 1214 2961 l.
1237 2908 1401 2980 imperator
1425 2917 1455 2982 et
1476 2902 1634 2959 Elisabeth
1658 2904 1823 2979 imperatrix
1841 2902 1860 2954 in
1874 2917 1891 2952 s.

1098 3022 1199 3064 monte
1230 3021 1492 3084 exspectarentur,
1525 3027 1603 3082 quae
1632 3021 1731 3063 tamen
1759 3006 1891 3062 fortunas.

1098 3116 1190 3169 monti
1208 3113 1286 3168 haud
1304 3109 1452 3190 contigit.)
1474 3112 1564 3184 1854.
1582 3119 1624 3184 4⁰.
1642 3111 1660 3168 8
1678 3131 1708 3187 p.

1184 3219 1249 3274 Vll.
1272 3217 1370 3273 Rilder
1390 3236 1444 3272 aus
1466 3216 1533 3272 dem
1549 3215 1656 3272 Leben
1671 3217 1743 3291 Jesu
1762 3233 1814 3270 von
1828 3213 1854 3267 K.
1866 3209 1889 3263 F.

1099 3320 1203 3397 Spath.
1225 3318 1254 3399 (i.
1274 3341 1299 3377 e.
1321 3322 1367 3377 Ex
1384 3324 1445 3376 vita
1462 3318 1553 3396 lesu.)
1575 3321 1675 3385 wien,
1698 3321 1795 3393 Mayer
1813 3330 1836 3372 et
1852 3314 1891 3368 Co.

1104 3425 1192 3499 1869.
1212 3426 1253 3482 8⁰.
1268 3425 1327 3497 562
1347 3445 1376 3501 p.

1185 3531 1265 3587 VIII.
1277 3529 1486 3584 Dramatische
1497 3529 1699 3602 Dichtungen.
1713 3524 1742 3605 (i.
1751 3546 1774 3582 e.
1783 3527 1891 3580 Poenata

1099 3632 1284 3711 dramatica.)
1300 3635 1367 3690 Von
1386 3635 1421 3688 K.
1440 3635 1473 3689 F.
1491 3631 1596 3707 Spath.
1615 3631 1690 3688 lbid.
1713 3631 1797 3703 1871.
1814 3627 1844 3683 8⁰.

1187 3740 1237 3793 lx.
1253 3740 1285 3793 In
1298 3739 1428 3811 linguam
1441 3736 1542 3792 Germ.
1553 3735 1694 3792 versibus
1709 3734 1829 3791 iambicis
1837 3746 1891 3786 con·

1100 3845 1190 3899 vertit
1206 3843 1341 3898 Aeneida
1358 3843 1389 3896 P.
1407 3842 1532 3915 Vergilii
1550 3843 1599 3907 M.,
1622 3840 1676 3896 sed
1694 3843 1770 3915 typis
1784 3848 1892 3912 quattuor

1100 3950 1219 4022 priores
1237 3960 1349 4001 tantum
1367 3945 1461 4001 lihros
1478 3943 1608 4000 exscribi
1627 3947 1752 4000 curavit.

1187 4053 1223 4105 X.
1242 4050 1405 4124 Complura
1423 4049 1540 4104 demum
1560 4051 1625 4103 eius
1642 4031 1770 4104 carmina
1781 4048 1806 4100 in
1815 4042 1891 4112 script.

1100 4155 1217 4231 period.
1245 4153 1476 4224 „Katholischer
1504 4154 1636 4217 Christ“,
1670 4144 1891 4224 „Vergangenheit

1102 4259 1159 4314 und
1177 4259 1380 4331 Gegenwart“
1401 4272 1459 4312 cet.
1477 4256 1630 4333 publicata
1646 4269 1724 4312 sunt.

1189 4421 1468 4514 Speckmoser
1493 4432 1720 4493 Udalricus
1745 4430 1894 4512 (Admon-

1102 4549 1264 4630 tensis),
1287 4560 1391 4610 natus
1413 4550 1448 4611 in
1465 4548 1653 4632 Stegmiihl
1671 4549 1806 4631 Styriae
1819 4560 1897 4621 supe·

1102 4672 1204 4732 rioris
1222 4692 1250 4733 2.
1264 4671 1351 4751 Apr.
1371 4676 1460 4750 1781,
1477 4682 1563 4733 vota
1579 4671 1762 4733 sollemnia
1775 4669 1899 4730 Admon-

1102 4804 1156 4853 tes
1173 4791 1356 4872 professus
1375 4797 1421 4853 13.
1435 4792 1525 4855 Nov.
1544 4798 1634 4874 1803,
1652 4791 1818 4874 primitias
1832 4786 1900 4848 cele·

1102 4914 1220 4975 bravit
1237 4935 1287 4977 22.
1306 4912 1405 4995 Sept.
1428 4917 1518 4977 1805.
1543 4915 1671 4976 Totam
1687 4915 1795 4977 vitam
1814 4925 1903 4972 sacer·

191 4688 217 4729 s.
239 4669 363 4730 habitu
391 4670 448 4731 die
474 4677 524 4734 25.
550 4672 628 4735 Oct.
655 4676 733 4750 1817
760 4673 914 4754 indutus,
937 4682 1023 4735 vota

192 4791 374 4853 sollemnia
398 4793 454 4868 die
478 4815 528 4856 22.
547 4794 625 4857 Oct.
648 4799 726 4856 1823
754 4795 880 4858 emisit.
905 4796 1022 4857 Abso-

191 4912 273 4973 lutis
299 4912 333 4974 in
358 4933 384 4976 5.
406 4926 525 4976 monte
547 4937 572 4978 s.
590 4916 792 4998 theologiae
817 4916 943 4977 studiis
966 4916 1022 4977 die

196 5055 241 5111 17.
256 5034 568 5116 Aug.182osacris
582 5037 741 5100 initiatus
754 5048 819 5119 est,
833 5038 901 5099 iam
917 5047 1023 5100 antea
1061 5022 1063 5034 ¹
1103 5037 1257 5097 dotalem
1289 5036 1495 5117 magisterio
1532 5037 1716 5116 addictus,
1752 5033 1905 5117 professor

195 5160 361 5234 1823-24
375 5156 490 5219 Ginsii
507 5158 623 5220 officio
640 5158 783 5220 functus
799 5158 1021 5240 professoris
1101 5158 1345 5219 humaniorum
1375 5168 1411 5218 et
1438 5157 1685 5239 philosophiae
1713 5154 1861 5234 Graecii,
1883 5161 1909 5211 et

190 5277 309 5340 Variis
333 5279 461 5340 deinde
486 5279 689 5341 monasterii
716 5278 844 5341 officiis
868 5280 918 5342 uti
942 5300 1023 5360 pro·
1102 5278 1306 5358 praefectus
1330 5278 1365 5340 in
1392 5299 1420 5339 0.
1446 5299 1471 5342 r.
1497 5279 1662 5341 convictu
1686 5279 1817 5342 ibidem
1837 5277 1913 5339 Mar·

190 5400 337 5462 fessoris
355 5420 474 5481 gymn.
489 5398 653 5481 Sopronii
677 5404 854 5482 1826-30,
873 5401 1022 5462 oratoris
1102 5402 1253 5481 burgum
1263 5402 1456 5462 translatus
1465 5400 1692 5483 gymnasium
1701 5398 1918 5464 ibidemrexit
