4222 6106
893 514 936 525 -
979 474 1125 539 LXXV
1169 512 1212 522 —

181 706 281 769 Idem
305 707 342 769 in
365 704 587 769 Germanicis
615 704 719 768 terris
746 704 885 785 imperii
908 702 1091 766 Austriaci
1114 701 1285 784 imprimis
1307 721 1328 763 a
1350 700 1467 763 medio
1491 701 1634 763 saeculo
1659 699 1760 762 XVI.
1789 702 1919 785 evenit,

182 866 264 908 cum
278 845 425 908 Lutheri
447 846 530 928 lege
552 844 658 908 etiam
682 845 719 907 in
734 844 882 907 Austria
904 843 1119 926 pervulgata
1142 841 1374 922 plurimisque
1397 842 1549 921 probata
1572 841 1704 904 multae
1727 843 1919 923 parochiae

182 1005 206 1047 a
227 983 408 1047 nobilibus
429 982 577 1046 Lutheri
598 982 735 1066 placita
756 981 932 1065 amplexis
954 979 1180 1045 monasteriis
1204 979 1426 1061 eriperentur
1441 980 1474 1061 ¹),
1507 989 1568 1040 aut
1596 979 1626 1040 si
1654 999 1746 1061 quae
1772 981 1919 1045 relictae

183 1131 320 1203 essent,
347 1142 370 1184 a
396 1121 578 1184 monachis
601 1120 778 1202 apostatis
801 1120 1047 1183 obtinerentur
1077 1139 1119 1182 ac
1150 1138 1260 1200 saepe
1291 1137 1335 1179 ne
1366 1127 1440 1180 tum
1473 1116 1616 1199 quidem
1648 1118 1918 1203 dimitterentur,

183 1280 263 1323 cum
286 1259 324 1323 in
346 1259 390 1323 iis
413 1259 645 1342 monasteriis,
656 1258 762 1342 ‘quae
778 1258 925 1322 Lutheri
947 1257 1125 1320 erroribus
1141 1256 1274 1320 infecta
1290 1266 1392 1318 erant
1400 1257 1434 1338 ²),
1458 1257 1494 1318 vi
1511 1256 1606 1319 civili
1623 1266 1659 1320 et
1675 1258 1919 1322 ecclesiastica

182 1397 397 1479 interposita
420 1398 536 1461 unitas
559 1397 737 1460 catholica
758 1395 925 1460 restituta
948 1405 1053 1458 esset.
1086 1394 1224 1475 Quibus
1246 1397 1354 1457 rebus
1377 1394 1625 1458 Ferdinandus
1640 1397 1684 1459 Π.
1709 1397 1860 1478 primum
1885 1397 1919 1459 in

182 1534 294 1600 Stiria
317 1547 354 1600 et
370 1535 561 1619 Carinthia,
585 1537 714 1598 deinde
737 1535 773 1598 in
789 1536 938 1598 Austria
961 1534 1143 1616 superiore
1165 1545 1200 1596 et
1221 1532 1386 1596 inferiore
1407 1535 1573 1599 subvenit
1589 1556 1813 1619 magnaeque
1836 1537 1919 1600 inde

180 1684 421 1757 tempestates
444 1695 553 1757 saepe
577 1688 724 1738 exortae
748 1686 829 1739 sunt
843 1676 877 1756 ³).
924 1674 1011 1737 Cum
1034 1674 1070 1738 in
1094 1668 1318 1736 monasteriis
1341 1673 1490 1755 penuria
1513 1692 1633 1737 eorum
1657 1686 1761 1758 esset,
1791 1676 1920 1758 quibus

181 1834 332 1878 munera
343 1815 561 1896 parochialia
576 1815 889 1896 committerentur,
906 1813 1005 1877 multi
1017 1813 1219 1896 presbyteri
1232 1824 1268 1875 et
1279 1813 1481 1875 saeculares
1494 1824 1530 1875 et
1545 1815 1738 1897 regulares,
1756 1815 1817 1897 qui
1837 1817 1922 1878 belli

180 1954 367 2017 tricenarii
382 1954 576 2018 terroribus
589 1953 748 2037 percussi
764 1954 799 2017 in
813 1953 997 2016 Austriam
1015 1952 1259 2036 confugerant,
1278 1951 1382 2015 facile
1398 1952 1625 2034 benigneque
1642 1954 1786 2036 excepti
1798 1955 1920 2036 sunu).

318 2092 569 2156 Catholicismo
600 2093 634 2154 in
666 2093 812 2156 Austria
842 2093 1007 2156 restituto
1038 2091 1263 2155 Benedictini
1295 2111 1385 2173 opus
1416 2092 1673 2155 missionarium
1704 2094 1921 2179 redintegra-

181 2241 325 2296 verunt.
370 2233 411 2295 In
439 2233 618 2296 montibus
646 2232 738 2295 enim
761 2232 932 2295 Austriae
955 2231 1162 2314 superioris,
1187 2229 1401 2315 Salisburgi,
1426 2229 1642 2314 Corinthiae,
1668 2230 1799 2296 Stiriae
1822 2233 1922 2296 multi

181 2380 299 2451 erant,
324 2370 385 2452 qui
407 2371 541 2433 severis
565 2371 691 2435 edictis
714 2392 783 2434 non
806 2371 966 2434 deterriti
989 2370 1134 2434 Lutheri
1158 2370 1355 2434 doctrinam
1377 2369 1639 2451 profiterentur.
1685 2371 1782 2453 Quos
1814 2382 1853 2435 ut
1876 2375 1922 2435 ad

181 2509 468 2573 catholicismum
483 2512 705 2593 reducerent,
728 2511 963 2592 imperatores
979 2509 1202 2573 monasteriis
1218 2510 1401 2594 negotium
1418 2511 1602 2591 dederunt,
1626 2519 1664 2572 ut
1680 2511 1921 2574 missionarios

180 2649 223 2711 in
251 2668 296 2711 ea
322 2649 401 2712 loca
430 2649 620 2713 mitterent.
666 2650 773 2713 Anno
804 2649 911 2712 etiam
946 2652 1026 2727 1756
1056 2649 1265 2730 imperatrix
1296 2648 1411 2711 Maria
1439 2648 1609 2711 Theresia
1639 2648 1920 2712 Maximilianum

183 2786 413 2870 Kunzlinger
441 2788 684 2851 Mellicensem
718 2808 797 2852 cum
832 2809 897 2851 sex
931 2788 1130 2870 monachis,
1166 2787 1227 2868 qui
1261 2796 1361 2850 erant
1391 2806 1411 2849 e
1441 2787 1656 2851 monasterio
1688 2785 1921 2871 Gottvicensi,

183 2923 489 3007 Seitenstettensi,
514 2926 761 3009 Admontensi,
785 2925 1058 3008 Mariacellensi,
1082 2924 1279 3009 Garstensi,
1307 2924 1404 2988 misit
1427 2925 1462 2987 in
1486 2923 1702 2988 Carinthiam
1726 2929 1922 3008 eodemque

182 3076 351 3145 tempore
374 3064 592 3129 Benedictus
614 3066 770 3149 Bonetti,
793 3066 1021 3149 Mellicensis,
1045 3067 1100 3130 vir
1122 3065 1243 3149 magni
1265 3066 1301 3128 in
1323 3066 1565 3148 praedicando
1588 3065 1749 3149 nominiS,
1772 3067 1922 3150 legatio-

183 3202 295 3265 nibus
318 3202 548 3265 missionariis
571 3204 608 3267 in
630 3205 809 3268 montibus
833 3204 1033 3267 Austriacis
1057 3214 1222 3286 praeerat
1236 3206 1271 3285 5).

321 3340 362 3403 In
383 3340 571 3425 Hungaria
593 3344 757 3407 monachi
780 3343 913 3407 Montis
935 3343 1142 3406 Pannoniae
1167 3343 1261 3406 omni
1290 3343 1394 3405 modo
1422 3342 1511 3404 enisi
1538 3353 1637 3426 sunt,
1665 3353 1705 3407 ut
1731 3346 1922 3426 populares

185 3478 341 3541 Turcico
365 3479 515 3561 imperio
538 3500 730 3563 oppressos
754 3481 789 3544 in
812 3482 910 3545 avita
933 3481 1095 3544 doctrina
1117 3481 1312 3544 retinerent
1339 3491 1375 3543 et
1399 3480 1657 3547 confirmarent.
1704 3482 1808 3547 Clara
1841 3495 1923 3548 sunt

185 3616 333 3679 nomina
355 3618 396 3682 P.
421 3616 586 3703 Gregorii
609 3620 840 3703 aliorumque,
865 3621 924 3702 qui
947 3620 1091 3683 summis
1113 3620 1295 3683 laboribus
1318 3637 1387 3682 non
1410 3620 1568 3682 deterriti
1593 3641 1712 3684 curam
1729 3623 1922 3687 animarum

183 3767 383 3840 gesserunt
396 3757 431 3840 ⁶).

321 3896 456 3979 Magna
478 3897 515 3959 vi
538 3908 648 3980 erant,
672 3919 764 3980 quae
789 3901 834 3962 ab
857 3899 1071 3980 imperatore
1093 3898 1246 3979 Iosepho
1269 3897 1313 3960 II.
1345 3897 1382 3960 in
1412 3899 1518 3961 rebus
1550 3899 1713 3962 civilibus
1746 3909 1782 3964 et
1811 3902 1923 3965 eccle-

183 4033 346 4097 siasticis
370 4045 585 4099 commutata
608 4045 691 4100 sunt
705 4038 738 4117 ⁷).
784 4038 940 4101 Plurima
963 4038 1177 4101 monasteria
1200 4040 1515 4119 exaugurabantur
1537 4058 1667 4122 magno
1691 4060 1769 4102 cum
1794 4042 1923 4104 damno

323 4297 345 4378 ¹)
368 4302 452 4358 Multi
476 4303 582 4359 horum
606 4300 749 4359 nobilium
773 4304 891 4379 coeptis
915 4303 1036 4359 nefariis
1064 4304 1137 4359 iuris
1165 4304 1296 4379 speciem
1324 4305 1366 4359 ita
1393 4301 1647 4379 praetendebant,
1682 4317 1713 4360 ut
1740 4305 1876 4363 dicerent
1906 4325 1923 4362 a

183 4415 254 4472 suis
278 4412 443 4471 maioribus
466 4414 628 4490 parochias
650 4417 841 4473 monasteriis
864 4415 992 4472 donatas
1014 4433 1096 4483 esse,
1125 4415 1175 4471 alii
1203 4417 1282 4491 iique
1305 4415 1396 4490 longe
1419 4416 1536 4492 plurimi
1564 4430 1669 4492 spreto
1698 4420 1807 4493 quovis
1834 4437 1922 4495 prae-

183 4538 276 4584 textu
298 4526 367 4582 sola
389 4529 419 4583 vi
442 4526 669 4601 grassabantur.
708 4527 755 4585 cf.
778 4528 887 4602 singul.
912 4541 1039 4585 monast.
1064 4527 1215 4584 historias.

322 4636 344 4716 ²)
368 4638 414 4696 Cf.
439 4658 510 4716 pars
534 4641 557 4697 I.

322 4747 345 4829 ³)
369 4751 408 4809 Ut
431 4750 531 4809 Stirae
553 4755 583 4809 in
605 4753 729 4810 Austris
754 4755 921 4831 superiore,
945 4755 1028 4811 cuius
1051 4754 1196 4829 parocbia
1219 4755 1403 4811 monasterio
1427 4753 1586 4812 Garstensi
1609 4755 1748 4812 adiuncta
1771 4769 1845 4812 erat.

321 4861 345 4942 4)
367 4865 414 4921 Ita
441 4864 529 4923 facile
557 4866 753 4940 intellegitur,
786 4886 839 4923 cur
870 4869 899 4922 in
930 4867 1081 4943 parochiis
1112 4869 1362 4923 monasteriorum
1387 4866 1616 4925 Austriacorum
1647 4885 1684 4925 eo
1713 4880 1850 4944 tempore
1878 4880 1923 4926 tot

185 4978 304 5034 fuerint
326 4978 429 5034 vicarii
455 4996 472 5033 e
495 4980 584 5034 terris
608 4978 760 5036 Rhenanis
783 4979 831 5035 vel
854 4977 966 5035 Suevia
988 4979 1037 5036 vel
1060 4978 1188 5035 Bavaria
1212 4981 1279 5036 orti.

322 5088 345 5169 ⁵)
368 5089 548 5164 Keiblinger
570 5090 588 5147 l.
615 5110 640 5147 c.
665 5091 702 5159 I.;
727 5092 840 5160 Friess,
864 5089 948 5148 Stud.
973 5091 992 5148 l.
1017 5111 1042 5148 c.
1066 5092 1102 5148 V.

322 5197 344 5280 ⁶)
368 5202 476 5259 Czinar
498 5203 516 5259 l.
542 5222 567 5260 c.

323 5314 345 5394 7)
368 5315 430 5371 iam
452 5315 546 5372 Maria
570 5315 717 5372 Theresia
740 5317 929 5391 imperatrice
957 5330 1033 5388 1771
1061 5315 1191 5371 edictum
1215 5328 1288 5385 erat,
1313 5330 1345 5372 ut
1367 5334 1472 5373 omnes
1495 5317 1657 5393 parochiae
1680 5321 1921 5388 monasteriales,

184 5446 270 5504 quae
293 5445 354 5484 non
376 5428 480 5485 saltem
504 5430 592 5487 trium
617 5428 857 5486 conventualium
881 5447 976 5504 opera
998 5441 1247 5504 procurarentur,
1271 5426 1458 5504 presbyteris
1487 5428 1691 5487 saecularibus
1720 5432 1921 5490 traderentur.

1679 5531 1717 5580 kt
