4222 6106
915 478 1196 546 ..„,-

272 665 309 722 ΙΙ.
325 663 510 723 Geschichte
525 666 579 722 des
596 662 1015 722 Pramonstratensersstiltes

205 760 287 827 (ieras
309 774 337 827 in
357 770 648 828 Niederdsterreich.
673 766 702 847 (i.
720 788 746 827 e.
768 770 904 826 Historia
925 787 1015 825 cano·

214 875 263 932 uiae
274 874 462 932 Gerasiensis
479 875 576 933 ordin.
593 894 617 933 s,
629 873 771 931 Norberti
788 877 818 930 in
834 873 957 930 Austria
973 875 1016 928 in·

218 974 318 1058 feriore.)
333 981 408 1037 Msc.
834 956 840 975 ’

276 1108 1015 1203 HoffmannCaietanus(Admonten·

218 1237 276 1320 sis),
289 1237 441 1300 Pettovii
457 1238 492 1301 in
509 1236 618 1303 Stiria
634 1250 739 1303 natus
760 1261 806 1301 11.
819 1239 906 1302 Dec.
925 1244 1014 1320 1840,

216 1359 316 1423 studiis
327 1358 362 1421 in
374 1379 495 1442 gymn.
506 1357 702 1424 Graecensi
713 1361 942 1424 laudabiliter
954 1364 1015 1423 ab·

139 1498 143 1547 ἕ
211 1481 322 1564 solutis,
338 1482 538 1545 Admontes
554 1482 662 1564 venit,
676 1483 769 1545 votis
785 1483 1015 1546 sollemnibus

139 1570 144 1579 ἱ
207 1576 1015 1688 seadstrinxit21.Mart.1865,cumiam7.Aug.

193 1728 278 1809 ν1884
300 1736 483 1810 neomysta
508 1728 646 1791 steterit
670 1730 715 1791 ad
739 1749 846 1792 aram.
879 1727 1015 1791 Studiis

201 1848 399 1912 academicis
426 1869 562 1912 summa
590 1870 669 1913 cum
697 1851 802 1915 laude
829 1851 1015 1932 completis

199 1985 285 2033 anno
306 1974 383 2050 1869
400 1969 590 2034 Graecium
611 1972 761 2053 transiit,
786 1972 846 2035 ubi
871 1991 1014 2034 munere

199 2092 396 2168 professoris
420 2093 455 2156 in
477 2114 506 2157 c.
523 2114 549 2158 r.
565 2094 753 2176 gymnasio
769 2094 882 2176 primo
899 2094 1014 2176 fungi-

199 2218 262 2295 tur,
282 2235 346 2278 soc.
361 2215 552 2278 historicae
570 2215 698 2279 Stiriae
724 2227 759 2279 et
782 2236 853 2280 soc.
881 2216 1014 2299 „inner-

198 2329 477 2400 5sterreichisehe
493 2337 754 2400 Mittelschule“
773 2337 917 2402 sodalis,

280 2458 407 2543 Opera:

279 2585 299 2641 l.
325 2585 425 2643 Ueber
452 2587 518 2642 eine
544 2585 711 2642 Admonter
739 2585 1014 2660 Pergamenthand·

194 2684 297 2746 schrift
315 2690 369 2747 der
390 2691 545 2765 Excerpte
568 2690 623 2746 des
646 2689 760 2746 alteren
781 2688 907 2747 Seneca.
932 2687 962 2768 (i.
987 2709 1013 2746 e.

192 2783 420 2870 Manuscriptum
437 2813 523 2870 perg.
537 2793 743 2849 Admontense
760 2808 903 2870 excerpta
919 2791 1013 2850 Sene·

190 2905 246 2948 cae
266 2900 385 2955 senioris
401 2896 580 2977 continens.)
597 2897 713 2954 Grazer
726 2897 1014 2973 Gymnasial·Fest·

188 3007 357 3075 programm
378 3000 469 3075 1874.

277 3107 309 3164 11.
333 3106 435 3164 Ueber
457 3107 591 3181 Tyrtaus
615 3105 674 3161 und
694 3107 777 3162 scine
800 3106 1013 3181 Kriegslieder.

184 3191 210 3272 (i-
228 3224 263 3266 e.
275 3211 315 3267 De
328 3211 464 3287 Tyrtaeo
477 3212 602 3285 eiusque
618 3208 799 3266 carminibus
816 3208 1014 3289 militaribus.)

183 3298 302 3371 Gfarer
315 3314 686 3391 Gymnasial·Programm
708 3314 797 3388 1877.

275 3462 486 3537 Hofmann
526 3473 683 3536 Paulus
720 3473 1014 3538 Ferdinandus

181 3574 441 3673 (Scotensis),
465 3591 522 3654 die
540 3612 568 3654 2.
587 3590 664 3655 Oct.
687 3597 766 3671 1798
787 3591 823 3655 in
844 3593 1013 3655 suburbio

181 3695 388 3795 Viennensi,
407 3714 504 3795 quod
515 3713 731 3797 Laimgrube
748 3714 885 3795 dicitur,
907 3714 943 3777 in
963 3716 1014 3776 lu-

182 3837 269 3895 cem
282 3835 406 3919 editus,
422 3856 444 3899 a
460 3835 612 3917 pueritia
631 3845 733 3899 tanta
754 3836 886 3918 ingenii
908 3856 1013 3917 capa-

182 3945 246 4015 cis
270 3968 301 4021 et
324 3959 474 4041 insignis
498 3958 688 4021 memoriae
715 3959 872 4022 ostendit
898 3961 1012 4042 speci-

183 4074 297 4161 mina,
321 4091 360 4144 ut
390 4084 469 4160 1807
490 4100 588 4161 ‘puer
615 4100 741 4144 novem
769 4102 939 4144 annorum
966 4084 1012 4144 ad

184 4191 379 4267 litterarum
400 4203 520 4267 studia
535 4203 571 4267 in
587 4204 785 4287 gymnasio,
807 4208 901 4286 quod
927 4205 1012 4268 dici·

139 4378 142 4417 ,
188 4324 306 4387 turad
320 4323 456 4409 Scotos,
476 4346 516 4389 se
537 4325 697 4389 conferre
719 4337 850 4408 posset.
875 4326 1013 4407 Quibus

139 4420 142 4437 ²
194 4458 415 4525 magnacum
436 4448 543 4511 laude
563 4448 737 4511 absolutis
762 4453 852 4529 1814,
876 4449 1012 4530 litteris,

202 4581 411 4643 quasvoeant
420 4569 696 4652 philosophicas,
706 4572 859 4633 vacabat
871 4570 906 4632 in
919 4571 1012 4635 univ.

208 4680 386 4757 Viennensi.
418 4691 520 4774 Quae
543 4692 661 4755 studia
685 4712 764 4755 cum
791 4692 918 4755 iterum
941 4693 1013 4755 lau-

220 4804 352 4875 dabiliter
370 4813 592 4896 confecisset,
613 4812 785 4877 invicibili
806 4815 933 4877 ductus
953 4816 1014 4877 de·

228 4923 323 4992 siderio
338 4936 488 5020 degendi
508 4937 618 5000 vitam
642 4936 677 4999 in
700 4936 837 4998 illorum
857 4937 1012 4999 virorum

139 5050 143 5082 ³
234 5056 312 5130 ⁰⁰8⁰,
322 5058 439 5137 quibus
452 5059 648 5122 litterarum
659 5059 815 5121 debebat
827 5059 1011 5139 elementa,

139 5166 146 5184 '
231 5162 295 5229 ltin
312 5181 554 5246 monasterium
571 5181 613 5245 B.
630 5180 677 5244 M.
694 5180 738 5243 V.
761 5180 1012 5261 susciperetur,

1052 663 1058 929 l

1102 681 1136 739 17
1158 681 1329 723 annorum
1353 681 1379 724 s.
1400 661 1524 724 habitu
1547 672 1644 725 esset
1663 662 1817 745 indutus,
1838 674 1925 727 vota

1095 783 1278 845 sollemnia
1295 783 1410 846 emisit
1427 783 1484 846 die
1502 788 1552 846 28.
1571 784 1649 849 Oct.
1671 789 1751 863 1810
1768 797 1804 849 et
1820 789 1924 850 abso·

1095 905 1178 968 lutis
1195 926 1221 969 s.
1238 906 1439 987 theologiae
1456 907 1583 969 studiis
1605 907 1662 969 die
1680 930 1708 972 2.
1725 907 1824 990 Sept.
1843 913 1918 971 1821

1096 1027 1245 1108 primum
1277 1037 1462 1109 neomysta
1493 1030 1538 1090 ad
1569 1031 1680 1092 altare
1711 1029 1780 1092 Dei
1812 1030 1924 1094 stetit.

1096 1147 1224 1213 Statim
1249 1149 1377 1211 deinde
1398 1150 1579 1231 professor
1601 1150 1745 1234 linguae
1762 1151 1924 1215 Graecae

1095 1271 1131 1334 in
1147 1272 1335 1353 gymnasio
1347 1273 1551 1336 monasterii
1568 1275 1786 1357 designatus,
1803 1276 1923 1359 libros,

1096 1393 1224 1475 quibus
1234 1395 1334 1476 pueri
1343 1396 1509 1457 classium
1519 1397 1748 1458 humanarum
1762 1396 1922 1460 institue·

1095 1527 1215 1578 rentur
1234 1517 1280 1577 ad
1297 1516 1483 1579 lectionem
1497 1515 1680 1599 Graecam,
1698 1519 1922 1582 conscribere

1095 1648 1150 1701 est
1166 1638 1293 1702 iussus.
1318 1639 1421 1720 Quod
1438 1658 1528 1720 opus
1545 1660 1623 1702 cum
1640 1642 1921 1722 adprobantibus

1095 1760 1232 1824 cunctis
1267 1765 1345 1823 1822
1375 1761 1599 1844 perfecisset,
1636 1767 1714 1825 1823
1747 1765 1921 1844 examina,

1095 1903 1186 1966 quae
1210 1884 1371 1967 rigorosa
1394 1896 1538 1967 vocant,
1563 1905 1608 1948 ex
1632 1886 1794 1949 omnibus
1818 1886 1922 1949 disci·

1095 2005 1200 2087 plinis
1215 2006 1427 2089 theologicis
1448 2009 1493 2069 ad
1514 2007 1744 2070 obtinendum
1766 2009 1921 2071 doctoris

1095 2129 1243 2209 gradum
1256 2139 1329 2190 tam
1341 2128 1435 2190 felici
1449 2149 1527 2192 cum
1540 2149 1707 2192 successu
1724 2130 1865 2210 subivit,
1883 2140 1921 2192 ut

1095 2261 1268 2331 concepta
1286 2254 1365 2312 1828
1382 2250 1630 2313 dissertatione
1647 2251 1768 2314 subtili
1782 2252 1826 2313 de
1839 2271 1921 2314 con-

1094 2371 1184 2434 ciliis
1215 2371 1450 2434 oecumenicis
1481 2371 1635 2435 doctoris
1663 2393 1690 2435 s.
1718 2373 1920 2455 theologiae

1094 2494 1214 2556 laurea
1246 2495 1482 2558 decoraretur.
1525 2495 1668 2557 Interim
1705 2495 1855 2558 docendi
1886 2496 1920 2557 in

1094 2615 1280 2700 gymnasio
1305 2618 1350 2678 ad
1373 2615 1501 2679 Scotos
1527 2616 1744 2699 fungebatur
1766 2638 1921 2699 munere,

1094 2741 1189 2820 quod
1221 2738 1360 2801 nonnisi
1391 2759 1470 2801 cum
1501 2739 1575 2802 vita
1606 2740 1781 2821 deposuit.
1815 2741 1922 2803 Anno

1099 2866 1174 2923 1831
1196 2855 1273 2923 cum
1291 2873 1498 2942 procurator
1513 2862 1648 2925 electus
1664 2874 1760 2925 esset
1775 2863 1811 2926 in
1827 2862 1920 2925 univ.

1093 2982 1247 3045 Vindob.
1261 2981 1414 3044 nationis
1427 2983 1649 3062 Austriacae,
1668 2988 1744 3046 1832
1759 2983 1921 3046 facultati

1093 3103 1317 3186 theologicae
1330 3104 1431 3166 titulo
1445 3103 1569 3166 decani
1583 3104 1746 3186 praefuit,
1763 3125 1834 3186 quo
1848 3125 1921 3167 mu-

1094 3245 1177 3288 nere
1190 3246 1282 3288 anno
1296 3225 1457 3307 sequenti
1472 3231 1549 3288 1833
1564 3226 1829 3309 abrenunciat0,
1842 3247 1921 3308 per·

1094 3358 1224 3428 petuus
1248 3347 1406 3409 eiusdem
1428 3346 1608 3410 facultatis
1632 3348 1788 3410 notarius
1812 3348 1921 3410 nomi·

1094 3481 1198 3531 natus
1214 3490 1280 3531 nec
1296 3489 1366 3532 non
1382 3479 1589 3551 procurator
1605 3469 1757 3531 nationis
1773 3470 1921 3553 Hunga·

1093 3592 1188 3654 ricae
1202 3603 1256 3654 est
1269 3592 1480 3672 postulatus,
1497 3592 1631 3653 Eodem
1645 3611 1737 3654 anno
1750 3603 1920 3672 patronus

1094 3714 1275 3776 societatis
1292 3712 1505 3777 constitutae
1522 3715 1568 3774 ad
1584 3715 1822 3775 sublevandos
1839 3733 1922 3795 ege-

1093 3856 1157 3898 nos
1187 3835 1382 3898 litterarum
1414 3834 1592 3897 studiosos
1628 3837 1820 3916 adoptatus
1856 3847 1921 3900 est.

1093 3958 1264 4040 Quamvis
1288 3959 1333 4019 ab
1358 3976 1450 4019 anno
1477 3961 1557 4035 1824
1580 3966 1693 4019 totum
1721 3977 1801 4019 sese
1828 3958 1922 4021 litte·
1970 4034 1974 4043 ι

1093 4081 1140 4142 ris
1159 4078 1426 4142 humanioribus
1449 4078 1644 4158 tradiderit,
1669 4089 1787 4142 tamen
1809 4079 1922 4142 orien-

1093 4201 1213 4264 talium
1242 4221 1383 4283 quoque
1411 4201 1608 4283 linguarum
1637 4201 1754 4263 studio
1781 4202 1922 4265 minime

1092 4325 1257 4406 neglecto
1287 4323 1323 4385 in
1356 4323 1478 4404 primis
1509 4323 1652 4405 linguae
1683 4322 1922 4387 Sanscriticae

1093 4449 1187 4508 haud
1204 4446 1370 4528 exiguam
1384 4445 1529 4509 navavit
1546 4464 1700 4526 operam.
1718 4445 1922 4527 Tantopere

1094 4571 1138 4630 de
1154 4557 1280 4630 litteris
1296 4569 1384 4649 ipsis
1400 4577 1436 4630 et
1449 4569 1493 4629 de
1505 4568 1689 4629 iuventute
1701 4567 1920 4631 instituenda

1093 4690 1219 4753 litteris
1235 4689 1380 4751 meritus
1401 4693 1480 4750 1886
1501 4690 1547 4749 ab
1568 4688 1647 4769 ipso
1667 4689 1921 4778 augustissimo

1093 4812 1307 4893 imperatore
1333 4810 1433 4892 large
1457 4817 1700 4872 remuneratus
1723 4819 1786 4872 est.
1815 4809 1919 4871 Post-

1093 4954 1197 5016 quam
1210 4953 1295 4995 vero
1308 4951 1400 4995 anno
1417 4937 1495 5010 1842
1513 4932 1732 4994 examinator
1748 4950 1812 5012 pro
1827 4930 1921 5013 rigo-

1092 5056 1181 5118 rosis
1206 5056 1241 5118 in
1263 5054 1444 5136 theologia
1468 5054 1638 5135 pastorali
1662 5052 1918 5116 tentaminibus

1093 5179 1300 5260 designatus
1331 5185 1402 5258 est,
1431 5176 1623 5258 apoplexia
1650 5193 1771 5237 serosa
1797 5185 1917 5238 tactus

224 5288 343 5362 ⁸⁰l³plex
357 5315 408 5367 est
419 5303 547 5367 factus.
571 5303 657 5365 Voti
669 5301 903 5366 libentissime
916 5302 1012 5363 dam·
1092 5313 1288 5364 extremum
1298 5300 1393 5363 vitae
1403 5298 1565 5380 spiritum
1579 5297 1691 5361 edidit
1703 5297 1760 5360 die
1769 5302 1820 5362 30.
1831 5298 1918 5380 Apr.

213 5407 303 5489 musi
332 5442 405 5489 cum
433 5426 491 5489 die
520 5447 566 5505 14·
591 5424 669 5490 Oct.
696 5432 774 5495 1815
801 5424 1012 5488 adulescens
1051 5442 1054 5482 1
1097 5429 1174 5502 1842
1193 5441 1305 5486 annos
1321 5433 1426 5485 natus
1444 5421 1590 5484 vixdum
1606 5443 1658 5500 44.
1683 5419 1930 5502 Conscripsitz'
