4252 6112
917 466 1197 552 -364-

189 664 263 746 puli
281 663 546 746 (Volksfreund)
567 666 678 727 multa
698 675 893 730 memoratu
910 667 1019 750 digna

189 794 275 849 nota
291 784 386 849 fecit.

276 907 504 1010 Reichhart
544 948 801 1013 Godefridus
840 948 1019 1032 (Gottvi-

191 1067 354 1146 cencis),
372 1064 530 1130 Gottvici
547 1068 604 1129 die
625 1068 748 1162 ratur.
766 1072 842 1131 1821
863 1078 968 1131 natus
984 1077 1020 1130 et

191 1187 317 1252 studiis
330 1189 607 1269 praeparatoriis
617 1188 764 1252 Cremsii
777 1190 950 1255 absolutis
962 1189 1020 1251 die

192 1314 242 1373 25.
263 1311 359 1392 Aug.
386 1313 468 1388 1839
488 1310 642 1392 indutus,
668 1311 725 1374 die
750 1331 797 1391 17.
814 1312 918 1375 Mart.
939 1316 1020 1390 1844

190 1444 276 1496 vota
301 1432 484 1494 sollemnia
508 1433 624 1495 emisit
648 1442 684 1495 et
708 1433 765 1495 die
787 1439 837 1496 28.
854 1433 917 1496 Iul.
938 1436 1020 1511 1844

160 1569 163 1576 ·
190 1554 342 1637 primum
358 1551 568 1616 sacrificium
580 1554 659 1616 Deo
672 1553 810 1618 obtulit.
834 1554 915 1616 Uno
928 1572 1020 1616 anno

191 1677 226 1739 in
258 1697 343 1740 cura
373 1676 568 1738 animarum
598 1675 789 1756 parochiae
821 1675 1020 1739 claustralis

191 1807 372 1861 transacto
385 1801 463 1875 1845
479 1797 606 1860 studiis
618 1797 758 1860 biblicis
768 1798 803 1860 in
812 1796 1021 1861 univ.Vien·

191 1921 292 1983 nensi
306 1922 469 1983 vacabat.
491 1923 570 1997 1846
584 1918 766 2000 professor
779 1919 887 1982 studii
899 1917 1022 1981 biblici

191 2044 234 2106 N.
262 2044 302 2108 T.
329 2044 365 2105 in
391 2041 555 2105 instituto
583 2041 787 2123 theologico
815 2039 1021 2122 domesticO,

197 2170 276 2243 1848
302 2165 405 2227 simul
432 2164 610 2244 subprior,
639 2162 792 2225 director
815 2162 1022 2226 clericorum

193 2298 229 2350 et
250 2287 462 2349 novitiorum
483 2286 662 2368 magister,
688 2289 769 2365 1849
791 2284 1022 2347 bibliotheca·

192 2410 265 2471 rius
282 2419 317 2471 et
338 2412 420 2471 1850
435 2409 617 2471 sacristiae
634 2408 788 2470 director
809 2407 1022 2470 constitutus

193 2543 258 2596 est.
279 2531 445 2595 Instituto
457 2531 658 2613 theologico
671 2532 718 2592 ad
727 2540 869 2611 tempus
881 2529 1023 2591 sublato

193 2655 228 2717 in
245 2626 574 2741 curamanimarum
591 2673 661 2734 qua
674 2661 884 2734 cooperator
899 2651 934 2713 in
947 2650 1023 2712 Un-

71 2773 74 2778 ’
194 2777 334 2841 ternalb
354 2780 445 2858 1855,
462 2777 639 2858 parochus
655 2774 690 2837 in
703 2772 920 2854 Jetzelsdorf
933 2776 1022 2854 1858,

194 2898 230 2960 in
244 2897 477 2961 Getzersdorf
490 2902 566 2959 1861
584 2898 677 2959 etad
691 2896 850 2960 s.Vitum
868 2898 944 2975 1871
962 2914 1024 2956 ex-

194 3021 331 3102 positus
347 3031 411 3084 est.
441 3023 520 3099 1874
544 3021 686 3081 domum
711 3037 875 3080 reversus
898 3016 1023 3079 biblio·

194 3143 342 3206 thecarii
354 3162 499 3205 munere
507 3141 676 3225 fungitur.
690 3140 793 3204 Ultra
802 3139 951 3222 triginta
962 3159 1023 3201 an-

197 3284 262 3327 nos
279 3284 424 3344 operam
440 3263 539 3326 navit
554 3262 609 3325 vir
624 3262 883 3325 eruditissimus
904 3261 1023 3322 elabo-

194 3387 304 3447 rando
322 3395 357 3447 et
369 3405 452 3447 mox
465 3385 500 3447 in
513 3386 627 3447 lucem
640 3385 779 3446 edendo
792 3382 908 3464 operi:
928 3381 1023 3464 „Mo-

123 3494 125 3499 ’
195 3507 357 3569 nastieon
366 3506 657 3570 Benedictinum“
673 3505 790 3567 omnia
799 3504 931 3566 ordinis
945 3524 971 3566 s.
981 3503 1022 3567 Β.

194 3630 408 3692 monasteria
420 3630 603 3710 utriusque
617 3648 725 3690 sexus
739 3629 1023 3710 quandocunque

193 3763 229 3814 et
244 3751 447 3832 ubicunque
464 3750 657 3814 existentia
673 3751 924 3831 complectens.

282 3892 448 3973 Scripsit:

282 4037 303 4091 Ι.
322 4036 379 4091 Die
393 4035 566 4090 IJruckorte
582 4034 636 4090 des
655 4048 701 4106 15.
714 4034 949 4110 Jahrhundertes
966 4033 1025 4090 und

195 4140 244 4196 1111
267 4140 471 4212 Erzeugnissc
500 4139 580 4194 ihrer
604 4138 803 4213 erstjiihrigen
827 4139 1025 4215 typographi·
1063 4118 1066 4209 )

196 4243 333 4300 schenW
336 4243 521 4298 irksamkeit.
530 4239 592 4318 (1.1.
602 4244 648 4298 De
657 4243 866 4318 typographiis
876 4242 1025 4319 saecXV·

195 4366 360 4421 earumque
380 4343 547 4423 operibus.)
571 4345 751 4420 Augsburg,
772 4345 882 4402 Fidelis
901 4347 1024 4403 Butsch.

201 4453 290 4525 1853·
941 4446 944 4451 ’

284 4557 320 4612 II.
338 4555 447 4628 Einige
465 4552 766 4611 Incunabel-Drucke
782 4572 837 4610 aus
854 4555 908 4610 der
923 4553 1025 4612 811115-

196 4660 364 4718 bibliothck
377 4662 405 4716 in
416 4658 581 4733 Gottweig.
599 4657 628 4736 (i.
643 4678 669 4715 e.
684 4658 867 4715 Incunabula
878 4660 1025 4735 quaedam

196 4764 267 4822 bibl.
278 4762 506 4841 Gortuicensis.)
518 4766 690 4820 Naumanns
702 4762 919 4839 „Serapeum“‚
935 4763 1024 4838 1852.

197 4889 226 4945 u·
243 4884 295 4941 51,
313 4868 364 4942 81,
386 4884 454 4941 151,
473 4883 544 4941 211,
563 4884 635 4941 225,
654 4865 726 4939 263·

283 4993 335 5048 III.
355 4993 410 5047 liin
427 4991 558 5047 schones
575 4992 699 5047 Brevier
716 4992 744 5045 in
761 4991 814 5047 der
833 4991 1023 5062 ,Marciana“

197 5116 232 5152 zu
246 5097 392 5170 Venedig.
410 5093 439 5173 (i.
458 5115 483 5152 e.
502 5096 548 5151 De
564 5094 716 5152 breviario
732 5093 935 5153 bibliothecae
947 5097 1026 5152 Mar·
1065 5124 1068 5249 )

198 5199 323 5279 cianae.)
340 5201 415 5256 Loc.
433 5202 482 5256 cit.
500 5219 529 5276 p.
548 5199 619 5255 282.

285 5322 334 5378 IV.
352 5321 435 5378 Bulle
448 5322 586 5378 Clemens
599 5321 666 5376 XII.
680 5339 717 5376 an
730 5320 788 5376 den
800 5320 862 5377 Abt
874 5320 1027 5378 Gottsried

200 5424 302 5481 Bessel
319 5445 426 5501 wegen
443 5426 496 5483 der
514 5425 684 5482 Bibliothek
705 5445 740 5481 zu
763 5424 927 5500 Gottweig.
953 5423 1025 5503 (1.1.
1066 5454 1069 5507 7

1098 670 1182 727 Bulla
1199 671 1362 728 Clementis
1378 673 1445 728 XII.
1468 673 1506 728 ad
1521 672 1661 731 abbatem
1678 673 1902 730 Gottfriedum
1920 675 1951 729 in

1098 793 1190 832 causa
1206 775 1278 833 bibl.
1296 775 1412 854 Gottv.)
1430 778 1506 834 Loc.
1525 780 1574 834 cit.
1597 777 1686 850 1853.

1184 898 1221 955 V.
1250 899 1424 956 Druckorte
1451 900 1505 956 des
1538 915 1585 973 15.
1608 900 1852 977 Jahrhunderts,
1884 919 1948 956 von

1099 1003 1195 1059 denen
1213 1022 1268 1058 nur
1280 1003 1311 1078 je
1327 1005 1385 1059 Ein
1403 1004 1630 1078 Wiegendruck
1646 1003 1693 1061 bis
1703 1005 1785 1079 ,jetzt
1800 1003 1950 1060 bekannt

1099 1107 1263 1181 geworden
1280 1109 1327 1164 ist.
1351 1105 1380 1186 (i.
1399 1127 1424 1164 e.
1448 1109 1495 1165 De
1519 1109 1729 1185 typographiis
1751 1129 1840 1166 saec.
1861 1108 1923 1165 XV
1926 1152 1946 1175 .,

1100 1231 1225 1287 quarum
1236 1215 1353 1269 unicum
1363 1213 1518 1289 hucusque
1528 1212 1738 1271 incunabulum
1748 1228 1862 1271 notum
1874 1210 1946 1291 est.)

1100 1316 1177 1373 Loc.
1194 1318 1243 1373 cit.
1260 1331 1319 1388 331
1341 1336 1370 1392 p.

1187 1421 1237 1478 VI.
1247 1422 1474 1497 Mittheilungen
1486 1421 1560 1479 iiber
1569 1423 1793 1500 'I'ypographie
1807 1424 1869 1481 des
1885 1439 1944 1501 15.,

1105 1522 1152 1581 16.
1169 1524 1228 1581 und
1249 1539 1295 1599 17.
1311 1525 1539 1601 Jahrhunderts.
1556 1523 1585 1604 (i.
1600 1547 1626 1583 e.
1645 1527 1805 1597 Quaedam
1817 1528 1862 1584 de
1876 1544 1944 1585 arte

1101 1630 1296 1705 impressoria
1317 1648 1398 1687 5111.
1415 1629 1633 1708 >IV-XVII.)
1657 1632 1732 1688 Loc.
1759 1633 1812 1688 cit.
1848 1633 1943 1706 1854.

1124 1775 1131 1789 .
1153 1748 1162 1788 1
1214 1776 1221 1800 ‚
1240 1732 1312 1790 218.

1101 1752 1121 1809 p
1170 1747 1253 1895 9VII.
1271 1839 1524 1913 Berichtigungen
1540 1839 1624 1895 dazu.
1641 1836 1670 1917 (i.
1689 1860 1715 1896 e.
1734 1840 1941 1897 Emendanda

1101 1942 1131 1998 ln
1148 1960 1241 2017 opere
1258 1940 1419 2021 praelato.)
1437 1943 1512 1999 Loc.
1530 1945 1580 2000 cit.
1602 1941 1692 2016 1856.
1710 1960 1750 2016 44
1768 1964 1800 2020 p.

1187 2065 1268 2122 VIII.
1297 2065 1523 2140 Mittheilungen
1551 2086 1604 2122 zur
1631 2066 1859 2143 Typographie
1888 2067 1940 2124 des

1107 2183 1164 2242 15„
1183 2168 1229 2226 16.
1247 2169 1305 2224 und
1318 2169 1372 2225 der
1384 2169 1545 2243 folgenden
1556 2170 1778 2246 Jahrhunderte
1794 2172 1937 2246 gehdrig.

1102 2269 1131 2350 (i.
1154 2292 1180 2329 e.
1206 2272 1359 2329 Adnotata
1382 2274 1419 2329 ad
1443 2293 1521 2349 opus
1545 2272 1752 2351 praedictum.)
1782 2276 1862 2332 Loc.
1890 2278 1937 2332 cit.

1107 2376 1198 2434 1861.
1216 2396 1245 2453 p.
1262 2377 1314 2450 38,
1333 2377 1383 2451 65.

1189 2542 1400 2638 Reichsigl
1431 2554 1654 2618 Florianus
1686 2557 1719 2637 (a
1750 2577 1778 2619 s.
1807 2529 1935 2619 P'etro

1104 2667 1378 2753 Salisburgi),
1406 2681 1511 2735 natus
1539 2672 1738 2754 Salisburgi
1767 2678 1818 2736 20.
1848 2675 1933 2735 Dec.

1107 2796 1198 2873 1735,
1219 2792 1375 2854 novitius
1399 2813 1427 2872 7.
1449 2791 1549 2875 Sept.
1576 2799 1671 2875 1754,
1697 2793 1886 2875 professus
1907 2816 1934 2874 7.

1105 2912 1205 2995 Sept.
1239 2919 1333 2995 1755,
1361 2916 1534 2978 absolutis
1566 2916 1692 2978 studiis
1721 2917 1934 3000 theologicis

1104 3040 1154 3099 25.
1178 3037 1283 3100 Mart.
1313 3043 1392 3116 1759
1417 3049 1604 3120 neomysta
1630 3041 1676 3100 ad
1700 3059 1799 3100 aram
1823 3040 1933 3102 stetit.

1103 3159 1163 3221 Ab
1180 3179 1272 3221 anno
1295 3164 1503 3239 1761-1778
1526 3160 1707 3241 professor
1727 3159 1934 3242 disciplinas

1103 3263 1279 3364 gymnasii
1310 3282 1504 3345 academici
1533 3283 1655 3345 docuit
1682 3283 1862 3346 adiunctis
1890 3286 1933 3345 ab

1104 3424 1196 3466 anno
1224 3408 1304 3482 1761)
1329 3404 1452 3466 comici
1477 3414 1512 3466 et
1536 3405 1735 3466 scholarum
1760 3405 1934 3486 praefecti

1103 3525 1317 3606 muneribuS,
1335 3525 1417 3588 dein
1431 3546 1549 3588 curam
1562 3527 1755 3589 animarum
1769 3528 1887 3609 gessit
1903 3529 1934 3589 in

1104 3648 1283 3728 Abtenau,
1306 3647 1340 3708 in
1362 3648 1477 3710 Maria
1492 3649 1605 3729 Plain,
1627 3648 1662 3710 in
1679 3648 1855 3731 Wieting,
1879 3651 1935 3712 de·

1104 3789 1198 3831 mum
1214 3769 1249 3830 in
1265 3768 1467 3850 Dornbach,
1485 3770 1544 3831 ubi
1566 3773 1612 3833 15.
1630 3768 1715 3831 Maii
1737 3776 1817 3848 1793
1837 3772 1935 3834 obiit.

1191 3914 1214 3968 1.
1244 3913 1306 3968 Der
1329 3912 1423 3987 junge
1450 3913 1599 3968 Theseus.
1632 3913 1690 3968 Ein
1717 3913 1936 3970 dramatisches

1104 4016 1326 4090 Moralgedicht
1354 4019 1382 4072 in
1410 4019 1505 4073 111111
1533 4019 1668 4090 einzigen
1693 4017 1828 4073 Austritt.
1858 4017 1934 4095 (1.1.

1104 4121 1245 4176 Theseus
1270 4123 1400 4188 iuveniS,
1429 4140 1548 4176 carmen
1572 4119 1936 4199 dramaticum-morale.)

1105 4223 1262 4298 Salzburg,
1285 4239 1374 4297 1757.
1392 4232 1436 4297 4⁰.
1454 4242 1473 4297 4
1491 4245 1520 4301 p.

1190 4348 1228 4403 II.
1236 4347 1371 4404 Versuch
1382 4349 1464 4402 einer
1474 4347 1711 4421 regclmiissigcn
1722 4348 1937 4405 Rechtschrei-

1105 4452 1188 4526 bung
1204 4454 1232 4507 in
1250 4451 1303 4507 der
1319 4452 1514 4508 lateinischen
1536 4452 1594 4507 und
1616 4453 1780 4507 deutschen
1798 4451 1937 4528 Sprache

1105 4570 1211 4613 sammt
1224 4559 1319 4612 111111
1329 4556 1475 4631 Anhange
1485 4576 1544 4613 von
1554 4557 1610 4612 (1111
1619 4556 1830 4631 griechischen
1840 4558 1938 4615 Buch-

1105 4659 1211 4717 staben
1228 4660 1287 4716 und
1304 4661 1423 4717 kleinen
1442 4662 1658 4716 liinmal-liins.
1676 4658 1705 4737 (i.
1723 4680 1749 4716 1.
1768 4661 1815 4716 De
1832 4662 1939 4717 ortho-

1105 4765 1233 4841 graphia
1254 4765 1363 4820 Latina
1386 4779 1416 4820 11
1437 4765 1617 4821 Germanica
1637 4762 1807 4843 quaedam.)
1837 4767 1941 4841 Augs·

1104 4869 1193 4943 burg,
1211 4870 1303 4926 Wolf.
1326 4870 1415 4943 1761.
1434 4871 1475 4926 8⁰.
1493 4885 1555 4942 344
1573 4890 1601 4944 p.

1194 4992 1245 5047 III.
1270 4993 1396 5048 Eliezer.
1426 4993 1483 5048 Ein
1510 4990 1672 5066 Singspiel.
1700 4987 1729 5068 (i.
1751 5010 1777 5047 1.
1808 4993 1941 5058 11111111,

1106 5097 1210 5152 drama
1227 5094 1392 5173 musicum.)
1409 5095 1566 5170 Salzburg,
1589 5095 1678 5169 1760.
1698 5102 1740 5167 4⁰.
1762 5111 1798 5168 14
1818 5116 1848 5172 p.

1194 5220 1243 5276 IV.
1255 5218 1404 5275 Hannibal
1415 5222 1443 5275 in
1453 5220 1506 5275 der
1516 5218 1603 5274 Stadt
1613 5220 1725 5294 Capua.
1736 5219 1793 5274 Ein
1804 5220 1945 5279 Trauer-

1106 5324 1192 5399 spiel.
1218 5320 1247 5400 (i.
1272 5343 1297 5378 1.
1321 5322 1471 5379 Hannibal
1492 5324 1630 5398 Capuae,
1658 5322 1840 5401 tragoedia.)
1865 5326 1945 5384 ibid.

1111 5426 1200 5500 1767.
1219 5434 1261 5499 4⁰.
1280 5442 1320 5483 20
1337 5446 1365 5503 p.
