4252 6112
935 525 981 534 ··
1039 507 1110 574 333
1167 528 1216 535 ’-

286 682 407 745 Edidit
422 684 542 764 plures
556 694 728 748 tractatus
742 687 786 748 de
798 687 945 750 historia
957 708 1029 751 mo-

149 810 151 814 ‘
199 806 342 868 nasterii
367 806 585 870 lambertini
611 808 656 889 (in
685 808 906 890 ῃ(1111111110α
937 815 1027 891 1829,

200 927 432 1010 Clagenfurti)
451 939 500 992 et:

283 1053 662 1130 Jubilaumsablassbiichel
679 1072 786 1113 sammt
803 1061 898 1115 einem
916 1058 1027 1115 kurzen

199 1160 318 1215 bericht
335 1158 410 1215 iiber
426 1160 473 1215 die
489 1161 680 1235 Entstebung
696 1160 750 1218 des
760 1162 951 1219 Wallfahrts·
969 1162 1027 1218 und

198 1263 410 1320 Gnadenortes
426 1264 587 1332 Mariazell,
609 1263 657 1322 bei
675 1265 876 1340 Gelegenheit
891 1267 945 1323 der
960 1267 1026 1324 Vll.

197 1367 408 1424 Sicularleier.
434 1367 463 1445 (i.
482 1388 507 1425 e.
531 1368 666 1426 Libellus
683 1370 933 1446 indulgentiarum
955 1391 1027 1427 una·

198 1492 264 1527 cum
274 1473 419 1528 relatione
429 1473 572 1530 historica
581 1472 823 1553 Mariacellensi.)
834 1474 923 1540 Graz,
936 1474 1025 1549 1857.

198 1578 240 1632 8⁰.
266 1576 306 1649 10
332 1598 361 1653 p.
390 1578 494 1633 Druck
519 1578 578 1633 und
599 1579 712 1653 Verlag
732 1597 792 1635 von
816 1580 852 1635 A.
874 1580 1026 1654 Leykams

198 1682 309 1738 Erben.

282 1813 418 1884 Pausz
436 1823 645 1885 Amandus
663 1825 723 1902 (de
737 1845 763 1886 s.
777 1823 1026 1886 MontePan·

196 1942 370 2022 noniae),
392 1940 427 2003 in
443 1940 597 2002 Domolk
614 1962 701 2004 com.
719 1941 859 2005 Castris.
876 1941 911 2004 in
927 1941 1026 2004 Hun-

196 2063 295 2144 garia
312 2063 369 2124 die
392 2068 437 2125 13.
452 2063 541 2125 Νον.
559 2084 639 2142 1719
657 2075 770 2144 natus,
784 2074 869 2126 vota
887 2064 1025 2126 sollem-

196 2186 253 2247 nia
266 2186 323 2247 die
336 2191 387 2248 30.
399 2185 487 2247 Nov.
506 2191 585 2264 1709
599 2185 715 2247 emisit
732 2196 768 2248 et
784 2186 841 2247 die
856 2193 905 2247 ab.
919 2185 1023 2248 Mart.

201 2312 279 2386 1775
300 2309 491 2390 presbyter
509 2308 625 2371 factus
646 2317 709 2369 est.
734 2307 845 2369 Varia
861 2328 907 2369 ex
924 2327 966 2370 eo
988 2307 1024 2370 in

196 2430 410 2492 monasterio
442 2450 555 2510 usque
586 2431 632 2491 ad
661 2429 819 2492 ordinem
846 2430 1023 2492 sublatum

196 2553 283 2615 obiit
299 2573 458 2623 munera:
476 2553 599 2615 ordine
616 2572 701 2614 vero
717 2573 744 2616 s.
757 2553 921 2615 restituto
943 2556 1020 2614 1802

194 2680 332 2756 -1810,
355 2695 424 2756 quo
448 2694 540 2737 anno
564 2676 621 2737 die
644 2694 694 2753 27.
711 2674 797 2736 Maii
821 2674 880 2755 pie
901 2674 936 2737 in
951 2674 1023 2736 Do·

195 2800 288 2861 mino
305 2798 529 2879 obdormivit,
546 2797 664 2860 officio
680 2797 871 2879 superioris
888 2798 1022 2877 domus,

194 2921 489 2984 administratoris
517 2922 688 2983 bonorum
712 2929 748 2983 et
770 2921 960 3002 parochiae
988 2919 1023 2981 in

194 3044 340 3106 abbatia
362 3044 402 3105 B.
425 3043 472 3105 M.
489 3043 532 3106 V.
554 3044 599 3104 de
619 3040 773 3104 Domolk
793 3042 935 3105 functus
957 3049 1021 3104 est.

280 3166 445 3247 Scripsit:

281 3293 410 3350 Kisczeli
428 3292 613 3349 Szarandok.
631 3289 659 3369 (i.
678 3311 704 3349 e.
724 3293 937 3366 Peregrinator
954 3293 1023 3348 Kis-

1109 691 1223 752 batus.
1256 691 1296 753 In
1312 693 1406 755 bello
1423 693 1543 757 italico
1565 699 1645 772 1818
1663 706 1788 758 exorto
1807 716 1835 759 0.
1852 716 1878 759 1.
1895 696 1943 758 10-

1109 811 1226 893 gionis
1244 814 1466 877 voluntariae
1483 816 1518 878 in
1532 815 1652 899 Styria
1668 817 1869 898 conscripta
1886 837 1942 880 ca·

1109 935 1270 1013 pellanus
1297 936 1458 1000 militaris
1475 939 1520 999 ad
1538 939 1622 1000 belli
1638 950 1780 1019 tempus
1805 939 1942 1022 11οΑ11-

1108 1066 1215 1137 gusto
1233 1061 1311 1133 1818
1326 1078 1438 1139 usque
1451 1061 1497 1122 ad
1506 1060 1667 1142 Aprilem
1685 1060 1941 1139 1819111111110111

1108 1188 1163 1239 est
1173 1179 1365 1259 professus.
1377 1182 1596 1265 ludenburgi
1606 1204 1634 1246 0.
1642 1204 1667 1245 r.
1675 1182 1853 1265 gymnasii
1861 1202 1941 1264 pro·

1107 1298 1222 1362 sessor
1245 1301 1409 1380 publicus
1437 1303 1538 1365 annis
1563 1303 1785 1367 scholasticis
1817 1309 1941 1382 1819-

1112 1425 1191 1483 1850
1210 1433 1246 1484 01
1269 1427 1430 1486 1850-51
1451 1427 1662 1508 praeprimis
1678 1430 1835 1515 linguam
1853 1431 1941 1497 Ger·

1106 1543 1281 1606 manicam
1299 1546 1429 1608 docuit.
1462 1548 1587 1611 Eudae
1612 1550 1647 1612 in
1664 1552 1851 1637 Hungaria
1868 1578 1896 1621 0.
1913 1578 1939 1620 1.

1106 1666 1270 1728 catholici
1287 1669 1463 1749 gymnasii
1486 1672 1679 1752 superioris
1700 1676 1939 1757 professorem

1106 1786 1286 1866 publicum
1303 1792 1348 1851 ab
1371 1796 1446 1853 1851
1477 1811 1588 1874 usque
1611 1798 1657 1856 ad
1678 1800 1757 1875 1851
1781 1799 1869 1880 egit:
1894 1798 1939 1861 si·

1105 1908 1247 1989 mulque
1272 1930 1364 1972 anno
1395 1916 1472 1990 1851
1498 1913 1636 1977 libellos
1659 1917 1938 1983 hebdomadales

1107 2030 1200 2111 „Der
1215 2030 1437 2095 katholische
1455 2033 1591 2098 Christ“
1610 2057 1674 2099 as.
1692 2037 1866 2120 Stephani
1883 2061 1938 2103 so·

1105 2150 1235 2213 cietate
1252 2152 1388 2216 Pestini
1405 2156 1607 2235 publicatos
1623 2161 1773 2244 redegit.
1796 2160 1938 2226 Graecii

1104 2291 1133 2333 0.
1142 2293 1168 2334 1.
1180 2275 1375 2338 academici
1384 2279 1561 2360 gymnasii
1576 2282 1682 2362 (quod
1693 2285 1739 2345 ab
1749 2304 1841 2346 anno
1856 2290 1935 2363 1809

1103 2392 1253 2474 primurn
1283 2406 1337 2458 est
1365 2398 1509 2479 dictum)
1539 2404 1731 2484 superioris
1755 2406 1936 2486 professor

1103 2516 1267 2596 publicus
1281 2539 1301 2580 a
1314 2519 1371 2581 die
1389 2525 1435 2582 15.
1447 2520 1546 2604 Sept.
1566 2530 1645 2603 1851
1660 2530 1831 2608 usquead
1845 2526 1935 2610 Sep·

1103 2640 1275 2702 tembrem
1293 2646 1383 2722 1801,
1401 2653 1436 2706 01
1453 2647 1499 2706 ab
1516 2645 1615 2709 initio
1632 2649 1715 2710 anni
1730 2651 1933 2714 scholastici

1107 2766 1184 2823 1802
1206 2766 1379 2843 usquead
1398 2764 1503 2829 finem
1523 2770 1604 2832 anni
1625 2771 1829 2835 scholastici
1851 2777 1932 2852 1878

1103 2882 1257 2946 director
1270 2894 1355 2947 erat.
1374 2886 1536 2969 Triginta
1549 2891 1650 2953 annis
1662 2892 1698 2953 in
1712 2913 1856 2956 munere
1868 2894 1934 2957 rei·

1103 3006 1266 3085 publicae
1298 3009 1453 3088 peractis
1481 3012 1593 3091 primo
1626 3014 1683 3076 die
1711 3014 1934 3097 Septembris

1062 3182 1064 3199 ,
1107 3131 1187 3205 1878
1201 3138 1327 3209 sponte
1341 3130 1532 3201 abdicavit.
1549 3133 1609 3196 Ab
1622 3155 1714 3198 anno
1732 3141 1809 3199 1862
1823 3136 1934 3200 Grae·

1103 3248 1147 3312 cii
1162 3250 1402 3332 professorum
1414 3254 1709 3320 Admontensium
1724 3259 1865 3342 collegii
1877 3279 1933 3322 su-

193 3399 349 3455 ranensis
376 3398 413 3453 aa
441 3397 600 3453 eeclesiam
627 3398 658 3453 a.
683 3397 722 3453 n.
744 3398 779 3454 v.
809 3396 846 3453 ae
871 3394 1023 3474 osmari.)
1062 3368 1065 3465 1
1102 3373 1229 3453 perior,
1254 3376 1933 3464 1111011110187051111111168111011.

194 3501 349 3578 Gydrben,
372 3501 521 3575 179180.
544 3501 606 3574 308
624 3521 652 3577 p.
679 3502 765 3577 Opus
790 3500 828 3558 ab
853 3501 1022 3559 Godelrido

193 3603 597 3684 l'ekcrlc(v.hunc)1835.
621 3606 719 3662 denuo
745 3605 855 3662 editum
880 3619 909 3661 et
933 3607 1022 3662 etiam
1062 3622 1065 3661 1

194 3717 223 3768 in
240 3712 369 3787 linguam
388 3711 597 3767 Germanicam
615 3729 803 3766 conversum.

280 3858 466 3934 Pelnlich
494 3870 734 3933 Richardus
759 3871 1023 3953 (Admonten-

193 3991 275 4070 sis),
301 3988 441 4051 Graecii
459 3990 493 4050 in
511 3988 632 4070 Styria
652 3989 709 4051 die
728 3994 755 4052 5.
773 3990 845 4052 Mai
867 3994 946 4069 1819
963 4010 1024 4052 na·

193 4128 261 4195 tus²
284 4114 415 4175 ibidem
431 4111 609 4196 gymnasii
631 4123 666 4175 et
688 4111 934 4194 philosophiae
950 4123 1023 4175 stu·

193 4237 261 4298 diis
278 4235 451 4298 absolutis
468 4235 708 4298 Admontibus
726 4235 782 4297 die
801 4256 829 4298 2.
847 4236 919 4298 Ian.
943 4240 1022 4298 1838

193 4360 347 4438 indutus,
372 4359 428 4419 die
453 4357 601 4419 3011101
630 4362 704 4435 1811
732 4367 817 4419 vota
841 4358 1022 4420 sollemnia

193 4480 310 4541 emisit
341 4491 449 4560 atque
481 4478 645 4540 omnibus
671 4498 795 4540 sacrae
822 4479 1023 4562 theologiae

193 4601 321 4664 studiis
342 4602 376 4663 in
394 4599 609 4662 monasterio
632 4600 785 4681 expletis
807 4600 864 4662 die
883 4621 910 4679 7.
928 4601 1022 4683 Aug.

198 4729 276 4800 1842
295 4723 469 4804 primitias
486 4723 690 4786 celebravit.
714 4722 922 4785 Monasterii
937 4743 1023 4805 pue-

193 4864 251 4906 ros
277 4845 434 4907 canticos
459 4844 713 4927 grammaticae
738 4845 904 4908 classium
921 4845 1024 4907 disci-

117 4950 123 4961 ’
193 4967 310 5049 plinas
335 4968 456 5031 docuit
479 4969 525 5030 ab
547 4979 715 5030 autumno
738 4973 815 5045 1842
841 4987 953 5049 usque
978 4969 1023 5030 ad

195 5092 385 5153 Octobrem
399 5096 489 5169 1811.
505 5089 646 5153 Graecii
657 5110 719 5154 0.1.
729 5091 1023 5172 convictusprae·

193 5212 309 5275 fectus
324 5232 436 5293 usque
450 5214 496 5274 ad
505 5213 568 5275 Iul.
584 5218 673 5290 1818.
698 5213 804 5274 Α11110
819 5216 1023 5294 1817910111-

192 5336 344 5397 maticae
356 5334 532 5415 classium,
545 5354 638 5397 anno
657 5339 735 5412 1818
749 5336 932 5396 doetrinae
944 5334 1024 5397 reli·

191 5457 307 5539 gionis
333 5458 368 5519 in
385 5454 590 5539 Gymnasiis
611 5455 794 5536 professor
817 5467 871 5519 est
894 5476 1023 5538 appro-

1103 3495 1151 3556 sis
1173 3495 1457 3579 (Admonterhof)
1474 3501 1689 3584 praefectus
1711 3504 1839 3584 quibus
1860 3526 1933 3568 mu·

1103 3617 1247 3679 neribus
1263 3620 1378 3682 adhuc
1394 3620 1563 3703 fungitur.

1190 3741 1439 3805 Recensentur
1470 3744 1664 3826 dignitates
1694 3748 1932 3829 honoresque,

1104 3882 1192 3943 quos
1209 3863 1489 3945 adipiscebatur:

1190 3985 1296 4048 Anno
1315 3990 1395 4065 1859
1412 3988 1571 4071 episcopi
1586 3989 1881 4054 Szathmariensis
1897 3991 1938 4088 in¹

1103 4107 1289 4189 Hungaria
1306 4129 1327 4170 a
1340 4110 1495 4172 consiliis
1509 4113 1762 4176 ecclesiasticis
1778 4114 1934 4176 nomina-

1104 4239 1161 4292 tus
1178 4239 1241 4293 est.

1194 4357 1270 4416 1801
1287 4353 1433 4416 militiae
1447 4354 1581 4418 civicae
1591 4355 1804 4420 Graecensis
1816 4358 1933 4437 capel·

1102 4477 1204 4538 lanus
1221 4487 1257 4538 et
1278 4481 1358 4555 1801
1376 4478 1545 4559 superior.

1194 4603 1272 4660 1802
1292 4601 1337 4661 ab
1352 4600 1584 4663 universitate
1598 4599 1763 4682 Friburgi
1776 4599 1934 4682 Brisiga-

1102 4738 1226 4782 vorum
1242 4722 1393 4802 gradum
1410 4722 1565 4784 doctoris
1581 4742 1608 4785 s,
1623 4721 1826 4804 theologiae
1842 4721 1934 4784 obti-

1102 4843 1188 4906 nuit.

1194 4970 1272 5028 1803
1291 4965 1452 5047 episcopi
1465 4965 1713 5029 Seccoviensis
1730 4966 1765 5029 in
1779 4963 1899 5049 Styria
1913 4985 1934 5027 a

1103 5087 1259 5151 consiliis
1272 5089 1523 5152 ecclesiasticis
1536 5099 1572 5151 et
1586 5096 1665 5167 1801
1677 5088 1933 5151 consistorialis

1103 5210 1313 5273 nominatus.

1194 5337 1271 5412 1807
1297 5332 1431 5395 ordinis
1454 5333 1620 5396 Austriae
1644 5332 1800 5396 caesaris
1824 5332 1934 5395 Fran·

1104 5455 1190 5519 cisci
1206 5456 1348 5539 Iosephi
1365 5474 1475 5537 eques
1492 5457 1702 5520 nominatus.
