4222 6106
922 450 1207 536 ..438-

193 654 250 715 die
267 675 296 731 4.
313 653 402 714 Nov.
424 657 515 732 1833,
532 653 700 714 sacerdos
717 652 909 714 saecularis
926 652 1022 713 dioe-

193 777 285 840 cesis
301 774 593 836 Vratislaviensis
614 774 671 836 die
698 794 726 833 2.
744 775 807 836 Iul.
829 792 922 836 anno
944 777 1023 851 1850

193 897 443 959 monasterium
469 897 652 977 ingressus
675 895 732 956 die
758 916 804 957 12.
821 895 908 956 Dec.
930 913 1023 956 anno

197 1021 275 1082 1863
300 1018 420 1099 ibique
442 1027 527 1078 vota
551 1016 667 1078 emisit
686 1016 869 1078 sollemnia
893 1016 949 1077 die
973 1035 1022 1093 27·

191 1143 265 1204 Ian.
283 1161 375 1202 anno
397 1144 474 1217 1867
493 1158 670 1219 curaeque
687 1138 857 1220 pastorali
870 1138 1023 1216 adscrip-

192 1273 249 1325 tus
270 1282 397 1324 nomen
420 1261 500 1323 tulit
524 1280 593 1322 non
611 1260 788 1322 mediocre
807 1262 852 1321 ab
870 1271 946 1321 arte
967 1276 1023 1321 ca·

193 1384 377 1447 techetica.
402 1383 460 1444 Ab
474 1402 567 1443 anno
585 1387 663 1460 1873
682 1402 896 1444 oeconomus
912 1381 1023 1443 maior

192 1505 439 1567 denominatus
457 1512 493 1565 et
510 1504 561 1564 rei
583 1503 737 1565 silvestri
758 1512 794 1565 et
816 1502 1022 1565 venatoriae

134 1673 137 1678 -
193 1636 248 1689 est
264 1626 480 1706 praefectus.

278 1767 334 1827 Ex
351 1765 520 1826 idiomate
538 1762 675 1826 Gallico
691 1764 813 1825 vertit:

278 1909 396 1965 Brullee
412 1909 462 1974 M,
488 1907 593 1964 Leben
618 1908 671 1963 des
695 1908 787 1962 ehrw.
809 1908 841 1962 P.
860 1908 954 1962 Maria
969 1907 1021 1982 Jo-

193 2013 306 2068 hannes
329 2013 465 2086 Baptista
490 2011 595 2066 Muard
622 2030 691 2067 vom
719 2011 879 2085 heiligstcn
903 2011 1021 2066 Herzen

191 2117 271 2191 Jesu.
289 2113 318 2193 (i.
328 2134 354 2170 e.
368 2115 456 2171 Vitae
468 2115 588 2170 Ioannis
601 2116 687 2190 Bapt.
701 2114 807 2170 Muard
820 2111 1022 2191 curriculum.)

191 2219 254 2274 Aus
268 2219 334 2275 dem
348 2220 372 2274 F
375 2220 596 2275 ranzdsischen.
611 2220 710 2287 Wicu,
724 2219 819 2274 Franz
833 2219 911 2276 Doll.
931 2217 1021 2291 1876.

192 2322 226 2378 8⁰
242 2326 310 2379 min.
328 2324 377 2380 IV.
396 2320 458 2394 568
475 2342 505 2397 p.

278 2469 377 2542 Seitl
399 2481 550 2542 Petrus
568 2481 939 2563 (Raigradiensis),
960 2502 1021 2543 na-

191 2609 248 2659 tus
270 2598 474 2661 Austerlicii
499 2599 533 2660 in
554 2599 716 2661 Moravia
739 2620 833 2661 anno
862 2621 940 2680 1747
968 2606 1019 2662 30.

195 2720 284 2802 Apr.
308 2721 343 2781 in
368 2720 584 2800 baptismate
606 2721 831 2802 Augustinus
856 2732 1018 2795 vocatur;

104 2862 106 2868 ·
190 2842 330 2902 scholas
353 2843 587 2904 elementares
612 2842 743 2904 ibidem
764 2843 933 2925 visitavit,
957 2845 1020 2906 hu-

190 2963 347 3026 maniora
370 2974 406 3025 et
427 2965 688 3045 philosophiam
705 2967 848 3027 Brunae
872 2967 1018 3029 audivit.

188 3086 223 3148 A
239 3086 445 3167 praeposito
463 3087 715 3149 Bonaventura
731 3087 854 3149 ultimo
877 3088 1018 3169 regimi-

189 3207 243 3268 nis
259 3207 335 3268 eius
352 3228 444 3269 anno
461 3209 495 3269 in
512 3219 669 3270 nostrum
682 3209 879 3272 adsumitur
891 3229 1018 3272 coeno-

189 3329 285 3390 bium
302 3339 337 3391 et
354 3329 477 3391 Chuno
502 3331 718 3410 appellatum
746 3351 824 3392 cum
845 3351 931 3394 vero
958 3334 1019 3394 ab·

190 3452 305 3512 soluto
323 3452 472 3513 tirocinii
490 3472 581 3512 anno
598 3471 735 3514 sacram
748 3453 926 3517 emisisset
939 3474 1019 3535 pro·

187 3573 379 3634 fessionem
411 3574 447 3635 in
477 3595 602 3635 manus
632 3576 829 3656 praepositi
857 3576 1018 3639 Othmari

1104 651 1299 713 studiorum
1316 651 1489 735 curriculo
1501 651 1645 733 Pragae
1657 652 1958 734 subdiaconaQ

1104 783 1140 834 et
1157 773 1367 834 diaconatus
1383 783 1419 836 et
1435 775 1578 836 domum
1600 776 1716 836 redux
1737 794 1832 837 anno
1857 795 1924 853 17>

1108 899 1154 957 15.
1173 894 1272 975 Sept.
1290 894 1479 976 Raigradii
1500 898 1775 979 presbyteratus
1797 898 1927 974 011111]
1940 952 1958 982 ,

1104 1017 1272 1096 suscepit,
1287 1017 1415 1097 quibus
1427 1016 1617 1098 insignitus
1635 1038 1682 1094 14.
1694 1015 1774 1081 Oct.
1789 1018 1958 1105 Auste,

1103 1137 1174 1198 licii
1191 1137 1365 1218 primitias
1389 1138 1595 1200 celebravit.
1619 1136 1751 1202 Statim
1774 1148 1856 1221 post
1880 1168 1957 1219 ea,

1103 1259 1255 1321 techista
1271 1258 1305 1320 in
1322 1258 1427 1340 pagis
1441 1238 1657 1321 constitutus
1672 1260 1798 1322 sedulo
1813 1260 1936 1337 labore

1103 1380 1322 1443 iuventutem
1340 1381 1374 1443 in
1390 1380 1575 1462 religionis
1591 1381 1743 1444 scientia
1763 1403 1827 1465 per
1847 1404 1919 1467 qua.

1103 1502 1300 1563 driennium
1322 1502 1508 1564 erudiebat
1529 1512 1565 1565 et
1592 1522 1673 1581 1774
1693 1502 1907 1572 iurisdictione

1103 1625 1350 1704 cooperatoria
1371 1626 1518 1686 obtenta
1539 1645 1653 1707 penes
1674 1624 1901 1692 administrato-

1102 1766 1175 1807 rem
1200 1755 1360 1807 curatum
1376 1746 1561 1808 Placidum
1577 1747 1723 1809 Heisler
1743 1748 1897 1811 animarum

1103 1869 1208 1930 saluti
1224 1869 1463 1948 incumbebat,
1481 1889 1586 1949 quem
1603 1869 1720 1932 tribus
1736 1879 1813 1952 post
1826 1873 1896 1933 amis

1102 1991 1149 2050 ad
1174 1989 1280 2051 finem
1308 1990 1467 2070 Augusti
1498 2010 1577 2069 1777
1607 1991 1643 2053 in
1670 1991 1894 2072 parochialibus

1102 2111 1312 2173 exercendis
1325 2122 1480 2192 secutus,
1494 2113 1540 2174 ad
1552 2111 1659 2174 finem
1673 2113 1804 2175 dierum
1816 2131 1894 2192 usque

1101 2253 1167 2313 per
1181 2233 1309 2315 viginti
1329 2252 1455 2295 novem
1473 2253 1585 2296 annos
1600 2235 1693 2297 hanc
1715 2234 1893 2316 provinciam

1101 2356 1237 2417 medios
1254 2356 1346 2418 inter
1361 2356 1522 2417 turbines
1534 2356 1702 2437 politicos
1718 2355 1893 2419 ecclesiasti-

1101 2495 1233 2558 cosque
1250 2497 1330 2539 cum
1347 2477 1501 2539 omnium
1522 2479 1629 2540 laude
1653 2478 1893 2543 administrabat,

1101 2600 1204 2661 sicuti
1218 2600 1317 2661 varia
1334 2600 1478 2662 decreta
1496 2609 1531 2662 et
1547 2600 1820 2682 approbationes
1831 2596 1893 2658 actis

1101 2722 1177 2784 eius
1200 2722 1356 2783 insertae
1381 2731 1568 2784 testantur.
1597 2723 1707 2784 Anno
1733 2726 1809 2783 1800
1826 2718 1893 2781 noii-

1100 2843 1228 2906 tiorum
1247 2844 1350 2905 simul
1367 2844 1538 2925 magister
1557 2853 1644 2907 erat.
1667 2843 1737 2924 Qui
1753 2841 1894 2925 ingenium

1099 2965 1366 3027 inclarescentis
1388 2975 1475 3026 tunc
1496 2964 1746 3045 Iosephinismi
1767 2979 1894 3046 perspec-

1099 3095 1173 3148 tum
1184 3088 1302 3167 habet,
1310 3086 1410 3148 cuius
1421 3086 1787 3168 fautorem,exemplis
1796 3100 1894 3167 percre-

1100 3208 1346 3270 brescentibus
1364 3208 1523 3287 allectus,
1541 3207 1771 3288 praepositus
1787 3205 1894 3269 Othma-

1099 3350 1158 3391 rus
1171 3332 1251 3411 plus
1261 3350 1375 3411 aeque
1388 3330 1514 3392 iterum
1525 3339 1634 3411 atque
1648 3330 1774 3392 iterum
1786 3329 1893 3410 agebat.

1099 3473 1184 3514 sane
1213 3473 1281 3514 11011
1307 3452 1505 3533 mirabitur,
1531 3453 1627 3533 quod
1651 3451 1830 3514 concordia
1848 3447 1892 3508 111-

1100 3584 1192 3636 trum
1210 3574 1344 3653 pluries
1361 3575 1457 3653 apud
1474 3592 1538 3634 nos
1554 3573 1734 3635 labefacta
1756 3567 1892 3634 1111111101-

188 3716 280 3756 011110
302 3701 380 3773 1704
400 3697 556 3758 25.N0v.
578 3696 706 3758 Petrus
727 3709 885 3760 vocatur.
911 3697 1019 3761 Soror
1057 3692 1059 3753 1
1099 3695 1451 3776 terumveegremio
1463 3693 1730 3775 Raigradiensi,
1750 3691 1891 3772 inquibus

188 3817 885 3897 eiusvirgoordinisCisterciensiserat.
911 3821 1018 3882 Anno
1056 3770 1059 3863 1
1100 3818 1205 3880 etiam
1218 3818 1363 3879 Petrum
1381 3826 1549 3894 nostrum,
1563 3817 1610 3877 ad
1623 3814 1732 3877 officii
1743 3815 1794 3876 sui
1806 3822 1890 3893 panes

191 3944 270 4016 1708
287 3960 448 4000 unacum
462 3939 571 4001 fratre
584 3940 782 4003 Benedicto
796 3943 1017 4003 11110οΡ110-

188 4072 384 4122 naventura
402 4062 641 4124 Bievnovium
662 4063 813 4124 mittitur
833 4065 878 4125 ad
899 4064 1018 4125 studia

186 4182 390 4261 theologica
418 4183 627 4262 ediscenda,
656 4184 716 4244 ubi
745 4203 809 4264 per
837 4185 1017 4245 biennium

188 4313 423 4364 commoratus
453 4305 518 4364 sub
546 4304 663 4383 priore
691 4304 889 4366 Adalberto
917 4305 1017 4386 Ray-

187 4446 309 4505 mann,
346 4425 423 4487 viro
460 4426 670 4506 disciplinae
706 4427 924 4488 monasticae
956 4429 1017 4488 ob-

186 4547 463 4628 servantissima
486 4549 679 4609 secundum
700 4548 803 4610 huius
827 4548 1017 4610 relationes

186 4671 280 4731 omni
296 4672 400 4732 laude
419 4670 565 4751 dignum
582 4690 621 4731 50
639 4670 817 4742 exhibuit;
835 4681 911 4732 erat
925 4672 1016 4732 enim

185 4794 230 4853 ad
248 4793 363 4854 omnia
380 4803 575 4873 promptus,
592 4792 743 4873 humiliS,
765 4795 960 4854 observans
982 4803 1017 4854 et

185 4915 336 4995 quietus,
354 4915 404 4977 ita
421 4914 575 4995 quidem,
592 4925 631 4975 ut
648 4934 694 4975 ex
710 4915 787 4995 ipso
805 4914 1016 4976 consolatio·

185 5058 264 5099 nem
291 5039 439 5099 haberet
468 5037 631 5118 superior
660 5047 695 5098 et
724 5039 889 5118 exemplo
920 5039 1015 5099 illum

184 5159 261 5219 aliis
278 5168 505 5238 proponeret.
530 5159 570 5220 In
584 5159 710 5219 studiis
723 5178 809 5219 vero
826 5160 949 5220 tardus
966 5159 1016 5219 in·

184 5280 280 5361 genii
297 5282 507 5361 apparebat,
526 5280 687 5360 quamvis
703 5280 789 5341 nulli
807 5280 920 5341 labori
936 5300 1015 5360 par-

186 5371 295 5472 cerem
309 5411 416 5480 atque
429 5402 561 5480 elapso,
572 5401 708 5462 cunctis
721 5400 1014 5480 approbantibus

1099 3940 1316 4001 deserendas
1333 3938 1558 4000 sollicitabat.
1584 3937 1724 4018 Quibus
1744 3954 1834 4017 porro
1851 3949 1889 3991 01-

1098 4061 1221 4142 plicari
1238 4069 1387 4140 possunt
1411 4079 1481 4119 non
1502 4059 1614 4120 solum
1639 4059 1799 4121 diversae
1818 4055 1889 4115 alter-

1099 4182 1257 4244 cationes
1280 4183 1372 4243 inter
1388 4180 1632 4262 praepositum
1650 4190 1687 4243 et
1703 4180 1742 4241 P.
1759 4176 1833 4242 Seitl
1849 4189 1888 4233 10·

1098 4314 1219 4383 strum,
1243 4323 1390 4385 quarum
1412 4304 1564 4363 decursu
1581 4302 1700 4382 quoad
1720 4292 1889 4362 iurisdictio·

1098 4447 1176 4490 nem
1194 4435 1230 4488 01
1246 4425 1516 4506 praetensiones
1533 4425 1627 4486 circa
1644 4440 1825 4504 congruam
1838 4431 1888 4476 sus·

1097 4550 1329 4613 tentationem
1354 4547 1609 4627 parochialem,
1637 4565 1790 4608 mensam
1812 4550 1840 4602 et
1856 4537 1889 4595 in·

1098 4671 1306 4733 vestituram
1335 4669 1597 4731 inconsiderate
1625 4668 1755 4730 iterata
1777 4665 1841 4727 vice
1860 4654 1889 4716 ad

1098 4793 1242 4853 decreta
1252 4791 1450 4853 saecularia
1460 4780 1890 4871 appellabat;verumetiau

1096 4915 1218 4994 liquet,
1236 4913 1333 4974 illum
1347 4932 1439 4974 anno
1458 4917 1536 4991 1783
1551 4931 1617 4992 pro
1631 4910 1795 4993 parochia
1805 4901 1892 4967 H0d0·

1097 5037 1211 5097 11101151
1228 5045 1386 5111 vacante⁴
1404 5046 1440 5096 01
1461 5039 1541 5112 1780
1558 5053 1623 5115 pro
1641 5034 1806 5095 cathedra
1824 5027 1893 5088 theo·

1096 5157 1215 5238 logica
1228 5157 1418 5237 pastoralis
1432 5155 1648 5217 Bohemicae
1662 5150 1829 5218 Olomucii
1840 5161 1895 5209 con·

1096 5279 1247 5339 currisse
1271 5286 1490 5358 sperantem,
1518 5276 1595 5337 fore
1618 5286 1658 5337 ut
1686 5276 1834 5356 quietem
1856 5265 1897 5327 diu

1096 5400 1334 5461 desideratam
1349 5399 1399 5459 sic
1417 5397 1692 5460 nancisceretur.
1719 5388 1900 5460 Omnimod0
