<?xml version="1.0" encoding="UTF-8"?>
<!DOCTYPE html PUBLIC "-//W3C//DTD XHTML 1.0 Transitional//EN"
    "http://www.w3.org/TR/xhtml1/DTD/xhtml1-transitional.dtd">
<html xmlns="http://www.w3.org/1999/xhtml" xml:lang="en" lang="en">
 <head>
  <title>
</title>
<meta http-equiv="Content-Type" content="text/html;charset=utf-8" />
  <meta name='ocr-system' content='tesseract 3.04.00' />
  <meta name='ocr-capabilities' content='ocr_page ocr_carea ocr_par ocr_line ocrx_word'/>
</head>
<body>
  <div class='ocr_page' id='page_1' title='image "./scriptoresordin01austgoog_0290.png"; bbox 0 0 4252 6112; ppageno 0'>
   <div class='ocr_carea' id='block_1_1' title="bbox 927 450 1206 536">
    <p class='ocr_par' dir='ltr' id='par_1_1' title="bbox 927 450 1206 536">
     <span class='ocr_line' id='line_1_1' title="bbox 927 450 1206 536; baseline 0.004 -37"><span class='ocrx_word' id='word_1_1' title='bbox 927 450 1206 536; x_wconf 75' lang='lat'>..184-</span> 
     </span>
    </p>
   </div>
   <div class='ocr_carea' id='block_1_2' title="bbox 200 647 1026 1229">
    <p class='ocr_par' dir='ltr' id='par_1_2' title="bbox 200 647 1026 1229">
     <span class='ocr_line' id='line_1_2' title="bbox 286 647 1026 742; baseline 0 -23"><span class='ocrx_word' id='word_1_2' title='bbox 286 647 486 742; x_wconf 79' lang='lat' dir='ltr'>Herrgott</span> <span class='ocrx_word' id='word_1_3' title='bbox 513 658 790 741; x_wconf 90' lang='lat' dir='ltr'>Marquardus</span> <span class='ocrx_word' id='word_1_4' title='bbox 816 656 1026 739; x_wconf 85' lang='lat' dir='ltr'>(San-Bla-</span> 
     </span>
     <span class='ocr_line' id='line_1_3' title="bbox 200 776 1025 860; baseline -0.001 -21"><span class='ocrx_word' id='word_1_5' title='bbox 200 777 369 860; x_wconf 91' lang='lat' dir='ltr'>sianus),</span> <span class='ocrx_word' id='word_1_6' title='bbox 400 787 506 840; x_wconf 91' lang='lat' dir='ltr'>natus</span> <span class='ocrx_word' id='word_1_7' title='bbox 537 786 592 840; x_wconf 91' lang='lat' dir='ltr'>est</span> <span class='ocrx_word' id='word_1_8' title='bbox 619 777 785 859; x_wconf 90' lang='lat' dir='ltr'>Friburgi</span> <span class='ocrx_word' id='word_1_9' title='bbox 815 776 1025 859; x_wconf 89' lang='lat' dir='ltr'>Brisgoviae</span> 
     </span>
     <span class='ocr_line' id='line_1_4' title="bbox 201 898 1025 981; baseline -0.001 -21"><span class='ocrx_word' id='word_1_10' title='bbox 201 899 258 962; x_wconf 88' lang='lat' dir='ltr'>die</span> <span class='ocrx_word' id='word_1_11' title='bbox 275 921 303 979; x_wconf 89' lang='lat'>9.</span> <span class='ocrx_word' id='word_1_12' title='bbox 322 899 399 964; x_wconf 87' lang='lat' dir='ltr'>Oct.</span> <span class='ocrx_word' id='word_1_13' title='bbox 422 904 511 981; x_wconf 84' lang='lat'>1694,</span> <span class='ocrx_word' id='word_1_14' title='bbox 532 920 559 963; x_wconf 94' lang='lat' dir='ltr'>s.</span> <span class='ocrx_word' id='word_1_15' title='bbox 575 900 699 962; x_wconf 91' lang='lat' dir='ltr'>habitu</span> <span class='ocrx_word' id='word_1_16' title='bbox 720 899 864 962; x_wconf 91' lang='lat' dir='ltr'>indutus</span> <span class='ocrx_word' id='word_1_17' title='bbox 884 898 919 961; x_wconf 94' lang='lat' dir='ltr'>in</span> <span class='ocrx_word' id='word_1_18' title='bbox 943 898 1025 960; x_wconf 89' lang='lat' dir='ltr'>divo</span> 
     </span>
     <span class='ocr_line' id='line_1_5' title="bbox 200 1019 1024 1103; baseline -0.001 -21"><span class='ocrx_word' id='word_1_19' title='bbox 200 1020 331 1103; x_wconf 84' lang='lat' dir='ltr'>Blasio,</span> <span class='ocrx_word' id='word_1_20' title='bbox 352 1021 569 1093; x_wconf 73' lang='lat' dir='ltr'><strong>sollemniter</strong></span> <span class='ocrx_word' id='word_1_21' title='bbox 588 1020 770 1103; x_wconf 86' lang='lat' dir='ltr'>professus</span> <span class='ocrx_word' id='word_1_22' title='bbox 790 1021 847 1083; x_wconf 91' lang='lat' dir='ltr'>die</span> <span class='ocrx_word' id='word_1_23' title='bbox 872 1040 919 1099; x_wconf 87' lang='lat'>17.</span> <span class='ocrx_word' id='word_1_24' title='bbox 935 1019 1024 1082; x_wconf 89' lang='lat' dir='ltr'>Nov.</span> 
     </span>
     <span class='ocr_line' id='line_1_6' title="bbox 204 1141 1024 1229; baseline 0.002 -26"><span class='ocrx_word' id='word_1_25' title='bbox 204 1147 294 1223; x_wconf 83' lang='lat'>1715,</span> <span class='ocrx_word' id='word_1_26' title='bbox 311 1142 510 1205; x_wconf 90' lang='lat' dir='ltr'>sacerdotio</span> <span class='ocrx_word' id='word_1_27' title='bbox 527 1142 684 1205; x_wconf 90' lang='lat' dir='ltr'>initiatus</span> <span class='ocrx_word' id='word_1_28' title='bbox 698 1142 753 1205; x_wconf 93' lang='lat' dir='ltr'>die</span> <span class='ocrx_word' id='word_1_29' title='bbox 771 1162 817 1220; x_wconf 85' lang='lat'>17.</span> <span class='ocrx_word' id='word_1_30' title='bbox 828 1141 915 1204; x_wconf 88' lang='lat' dir='ltr'>Dec.</span> <span class='ocrx_word' id='word_1_31' title='bbox 933 1146 1024 1229; x_wconf 80' lang='lat'><em>1718.</em></span> 
     </span>
    </p>
   </div>
   <div class='ocr_carea' id='block_1_3' title="bbox 199 1263 1050 1346">
    <p class='ocr_par' dir='ltr' id='par_1_3' title="bbox 199 1263 1050 1346">
     <span class='ocr_line' id='line_1_7' title="bbox 199 1263 1050 1346; baseline -0.002 -20"><span class='ocrx_word' id='word_1_32' title='bbox 199 1263 374 1346; x_wconf 85' lang='lat' dir='ltr'>Friburgi,</span> <span class='ocrx_word' id='word_1_33' title='bbox 395 1264 569 1327; x_wconf 92' lang='lat' dir='ltr'>Brunduti</span> <span class='ocrx_word' id='word_1_34' title='bbox 593 1275 629 1327; x_wconf 88' lang='lat' dir='ltr'>et</span> <span class='ocrx_word' id='word_1_35' title='bbox 650 1263 883 1346; x_wconf 86' lang='lat' dir='ltr'>Argentorati</span> <span class='ocrx_word' id='word_1_36' title='bbox 905 1264 1025 1325; x_wconf 91' lang='lat' dir='ltr'>huma·</span> <span class='ocrx_word' id='word_1_37' title='bbox 1048 1278 1050 1283; x_wconf 89' lang='grc'><strong><em>·</em></strong></span> 
     </span>
    </p>
   </div>
   <div class='ocr_carea' id='block_1_4' title="bbox 140 1384 1025 5498">
    <p class='ocr_par' dir='ltr' id='par_1_4' title="bbox 140 1384 1025 5498">
     <span class='ocr_line' id='line_1_8' title="bbox 199 1384 1024 1466; baseline -0.002 -18"><span class='ocrx_word' id='word_1_38' title='bbox 199 1386 355 1449; x_wconf 89' lang='lat' dir='ltr'>nioribus</span> <span class='ocrx_word' id='word_1_39' title='bbox 379 1385 506 1448; x_wconf 91' lang='lat' dir='ltr'>litteris</span> <span class='ocrx_word' id='word_1_40' title='bbox 530 1396 565 1449; x_wconf 92' lang='lat' dir='ltr'>et</span> <span class='ocrx_word' id='word_1_41' title='bbox 589 1385 843 1466; x_wconf 84' lang='lat' dir='ltr'>philosophicis</span> <span class='ocrx_word' id='word_1_42' title='bbox 867 1384 1024 1447; x_wconf 87' lang='lat' dir='ltr'>scientiis</span> 
     </span>
     <span class='ocr_line' id='line_1_9' title="bbox 198 1504 1024 1591; baseline -0.002 -21"><span class='ocrx_word' id='word_1_43' title='bbox 198 1511 311 1589; x_wconf 86' lang='lat' dir='ltr'>probe</span> <span class='ocrx_word' id='word_1_44' title='bbox 324 1510 497 1591; x_wconf 87' lang='lat' dir='ltr'>excultus,</span> <span class='ocrx_word' id='word_1_45' title='bbox 515 1506 784 1590; x_wconf 84' lang='lat' dir='ltr'>congregationi</span> <span class='ocrx_word' id='word_1_46' title='bbox 797 1504 1024 1570; x_wconf 88' lang='lat' dir='ltr'>San-Blasia·</span> 
     </span>
     <span class='ocr_line' id='line_1_10' title="bbox 198 1629 1024 1710; baseline -0.002 -18"><span class='ocrx_word' id='word_1_47' title='bbox 198 1649 265 1692; x_wconf 93' lang='lat' dir='ltr'>nae</span> <span class='ocrx_word' id='word_1_48' title='bbox 277 1650 369 1693; x_wconf 92' lang='lat' dir='ltr'>anno</span> <span class='ocrx_word' id='word_1_49' title='bbox 382 1631 510 1693; x_wconf 88' lang='lat' dir='ltr'>aetatis</span> <span class='ocrx_word' id='word_1_50' title='bbox 523 1650 608 1693; x_wconf 89' lang='lat' dir='ltr'>suae</span> <span class='ocrx_word' id='word_1_51' title='bbox 619 1640 697 1691; x_wconf 73' lang='lat'>21⁰¹⁰</span> <span class='ocrx_word' id='word_1_52' title='bbox 710 1629 880 1710; x_wconf 89' lang='lat' dir='ltr'>adlectus,</span> <span class='ocrx_word' id='word_1_53' title='bbox 893 1647 1024 1710; x_wconf 88' lang='lat' dir='ltr'>magno</span> 
     </span>
     <span class='ocr_line' id='line_1_11' title="bbox 199 1748 1022 1832; baseline -0.004 -19"><span class='ocrx_word' id='word_1_54' title='bbox 199 1751 367 1832; x_wconf 87' lang='lat' dir='ltr'>deinceps</span> <span class='ocrx_word' id='word_1_55' title='bbox 395 1752 445 1814; x_wconf 92' lang='lat' dir='ltr'>illi</span> <span class='ocrx_word' id='word_1_56' title='bbox 471 1753 594 1814; x_wconf 91' lang='lat' dir='ltr'>honori</span> <span class='ocrx_word' id='word_1_57' title='bbox 622 1760 657 1813; x_wconf 93' lang='lat' dir='ltr'>et</span> <span class='ocrx_word' id='word_1_58' title='bbox 684 1751 920 1813; x_wconf 91' lang='lat' dir='ltr'>emolumento</span> <span class='ocrx_word' id='word_1_59' title='bbox 946 1748 1022 1811; x_wconf 85' lang='lat' dir='ltr'>fuit.</span> 
     </span>
     <span class='ocr_line' id='line_1_12' title="bbox 196 1872 1025 1953; baseline -0.004 -18"><span class='ocrx_word' id='word_1_60' title='bbox 196 1873 350 1936; x_wconf 84' lang='lat' dir='ltr'>Romam</span> <span class='ocrx_word' id='word_1_61' title='bbox 363 1873 558 1935; x_wconf 89' lang='lat' dir='ltr'>studiorum</span> <span class='ocrx_word' id='word_1_62' title='bbox 571 1892 678 1935; x_wconf 88' lang='lat' dir='ltr'>causa</span> <span class='ocrx_word' id='word_1_63' title='bbox 691 1872 866 1953; x_wconf 75' lang='lat' dir='ltr'>dimissuS,</span> <span class='ocrx_word' id='word_1_64' title='bbox 876 1880 912 1934; x_wconf 90' lang='lat' dir='ltr'>et</span> <span class='ocrx_word' id='word_1_65' title='bbox 925 1880 1025 1953; x_wconf 91' lang='lat' dir='ltr'>quat·</span> 
     </span>
     <span class='ocr_line' id='line_1_13' title="bbox 196 1992 1024 2074; baseline -0.004 -17"><span class='ocrx_word' id='word_1_66' title='bbox 196 2008 276 2058; x_wconf 91' lang='lat' dir='ltr'>tuor</span> <span class='ocrx_word' id='word_1_67' title='bbox 304 2014 416 2074; x_wconf 90' lang='lat' dir='ltr'>prope</span> <span class='ocrx_word' id='word_1_68' title='bbox 444 1994 545 2056; x_wconf 90' lang='lat' dir='ltr'>annis</span> <span class='ocrx_word' id='word_1_69' title='bbox 572 1994 620 2055; x_wconf 91' lang='lat' dir='ltr'>ibi</span> <span class='ocrx_word' id='word_1_70' title='bbox 649 2005 898 2073; x_wconf 84' lang='lat' dir='ltr'>commoratus,</span> <span class='ocrx_word' id='word_1_71' title='bbox 925 1992 1024 2054; x_wconf 92' lang='lat' dir='ltr'>indu-</span> 
     </span>
     <span class='ocr_line' id='line_1_14' title="bbox 199 2113 1025 2198; baseline -0.005 -20"><span class='ocrx_word' id='word_1_72' title='bbox 199 2116 306 2179; x_wconf 88' lang='lat' dir='ltr'>striae</span> <span class='ocrx_word' id='word_1_73' title='bbox 323 2127 360 2178; x_wconf 91' lang='lat' dir='ltr'>et</span> <span class='ocrx_word' id='word_1_74' title='bbox 381 2115 513 2198; x_wconf 91' lang='lat' dir='ltr'>ingenii</span> <span class='ocrx_word' id='word_1_75' title='bbox 534 2116 587 2177; x_wconf 93' lang='lat' dir='ltr'>sui</span> <span class='ocrx_word' id='word_1_76' title='bbox 610 2118 654 2177; x_wconf 91' lang='lat' dir='ltr'>ad</span> <span class='ocrx_word' id='word_1_77' title='bbox 678 2115 827 2197; x_wconf 87' lang='lat' dir='ltr'>quaevis</span> <span class='ocrx_word' id='word_1_78' title='bbox 851 2113 1025 2195; x_wconf 84' lang='lat' dir='ltr'>aptissimi</span> 
     </span>
     <span class='ocr_line' id='line_1_15' title="bbox 198 2237 1024 2320; baseline -0.002 -19"><span class='ocrx_word' id='word_1_79' title='bbox 198 2240 379 2320; x_wconf 87' lang='lat' dir='ltr'>specimen</span> <span class='ocrx_word' id='word_1_80' title='bbox 391 2239 426 2301; x_wconf 94' lang='lat' dir='ltr'>in</span> <span class='ocrx_word' id='word_1_81' title='bbox 439 2239 582 2318; x_wconf 88' lang='lat' dir='ltr'>publica</span> <span class='ocrx_word' id='word_1_82' title='bbox 598 2257 643 2300; x_wconf 85' lang='lat' dir='ltr'>ex</span> <span class='ocrx_word' id='word_1_83' title='bbox 655 2238 835 2320; x_wconf 86' lang='lat' dir='ltr'>theologia</span> <span class='ocrx_word' id='word_1_84' title='bbox 851 2237 1024 2319; x_wconf 88' lang='lat' dir='ltr'>polemica</span> 
     </span>
     <span class='ocr_line' id='line_1_16' title="bbox 199 2359 1025 2442; baseline -0.004 -18"><span class='ocrx_word' id='word_1_85' title='bbox 199 2363 439 2442; x_wconf 91' lang='lat' dir='ltr'>disputatione</span> <span class='ocrx_word' id='word_1_86' title='bbox 452 2381 531 2423; x_wconf 92' lang='lat' dir='ltr'>cum</span> <span class='ocrx_word' id='word_1_87' title='bbox 544 2361 719 2441; x_wconf 86' lang='lat' dir='ltr'>applausu</span> <span class='ocrx_word' id='word_1_88' title='bbox 732 2359 901 2441; x_wconf 86' lang='lat' dir='ltr'>exhibuit,</span> <span class='ocrx_word' id='word_1_89' title='bbox 910 2378 1025 2440; x_wconf 89' lang='lat' dir='ltr'>eaque</span> 
     </span>
     <span class='ocr_line' id='line_1_17' title="bbox 198 2481 1021 2586; baseline -0.005 -40"><span class='ocrx_word' id='word_1_90' title='bbox 198 2483 321 2586; x_wconf 73' lang='lat' dir='ltr'>relicta</span> <span class='ocrx_word' id='word_1_91' title='bbox 346 2494 381 2546; x_wconf 95' lang='lat' dir='ltr'>et</span> <span class='ocrx_word' id='word_1_92' title='bbox 404 2483 553 2545; x_wconf 89' lang='lat' dir='ltr'>lustrato</span> <span class='ocrx_word' id='word_1_93' title='bbox 576 2481 864 2545; x_wconf 87' lang='lat' dir='ltr'>Monte-Cassino</span> <span class='ocrx_word' id='word_1_94' title='bbox 887 2481 1021 2544; x_wconf 87' lang='lat' dir='ltr'>ordinis</span> 
     </span>
     <span class='ocr_line' id='line_1_18' title="bbox 199 2601 1023 2685; baseline -0.004 -18"><span class='ocrx_word' id='word_1_95' title='bbox 199 2605 309 2667; x_wconf 89' lang='lat' dir='ltr'>nostri</span> <span class='ocrx_word' id='word_1_96' title='bbox 336 2604 501 2685; x_wconf 91' lang='lat' dir='ltr'>primario</span> <span class='ocrx_word' id='word_1_97' title='bbox 529 2614 564 2666; x_wconf 91' lang='lat' dir='ltr'>et</span> <span class='ocrx_word' id='word_1_98' title='bbox 594 2603 811 2666; x_wconf 90' lang='lat' dir='ltr'>nobilissimo</span> <span class='ocrx_word' id='word_1_99' title='bbox 843 2601 1023 2665; x_wconf 89' lang='lat' dir='ltr'>archicoe-</span> 
     </span>
     <span class='ocr_line' id='line_1_19' title="bbox 199 2715 1023 2808; baseline -0.006 -19"><span class='ocrx_word' id='word_1_100' title='bbox 199 2726 316 2808; x_wconf 92' lang='lat' dir='ltr'>nobi0,</span> <span class='ocrx_word' id='word_1_101' title='bbox 342 2726 411 2788; x_wconf 95' lang='lat' dir='ltr'>iam</span> <span class='ocrx_word' id='word_1_102' title='bbox 434 2726 601 2788; x_wconf 85' lang='lat' dir='ltr'>sacerdos</span> <span class='ocrx_word' id='word_1_103' title='bbox 625 2715 766 2787; x_wconf 88' lang='lat' dir='ltr'>domum</span> <span class='ocrx_word' id='word_1_104' title='bbox 789 2725 917 2805; x_wconf 83' lang='lat' dir='ltr'>redux,</span> <span class='ocrx_word' id='word_1_105' title='bbox 941 2742 1023 2785; x_wconf 91' lang='lat' dir='ltr'>mox</span> 
     </span>
     <span class='ocr_line' id='line_1_20' title="bbox 197 2845 1023 2929; baseline -0.005 -19"><span class='ocrx_word' id='word_1_106' title='bbox 197 2848 434 2912; x_wconf 88' lang='lat' dir='ltr'>bibliothecae</span> <span class='ocrx_word' id='word_1_107' title='bbox 455 2846 668 2929; x_wconf 89' lang='lat' dir='ltr'>praeficitur,</span> <span class='ocrx_word' id='word_1_108' title='bbox 689 2847 791 2908; x_wconf 92' lang='lat' dir='ltr'>simul</span> <span class='ocrx_word' id='word_1_109' title='bbox 814 2845 943 2908; x_wconf 90' lang='lat' dir='ltr'>scholis</span> <span class='ocrx_word' id='word_1_110' title='bbox 962 2846 1023 2907; x_wconf 92' lang='lat' dir='ltr'>hu-</span> 
     </span>
     <span class='ocr_line' id='line_1_21' title="bbox 197 2968 1024 3046; baseline -0.006 -12"><span class='ocrx_word' id='word_1_111' title='bbox 197 2971 422 3041; x_wconf 81' lang='lat' dir='ltr'>manioribus,</span> <span class='ocrx_word' id='word_1_112' title='bbox 453 2970 580 3033; x_wconf 93' lang='lat' dir='ltr'>Altero</span> <span class='ocrx_word' id='word_1_113' title='bbox 608 2968 689 3031; x_wconf 92' lang='lat' dir='ltr'>dein</span> <span class='ocrx_word' id='word_1_114' title='bbox 716 2986 808 3030; x_wconf 91' lang='lat' dir='ltr'>anno</span> <span class='ocrx_word' id='word_1_115' title='bbox 840 2987 915 3046; x_wconf 88' lang='lat'>1721</span> <span class='ocrx_word' id='word_1_116' title='bbox 945 2986 1024 3030; x_wconf 91' lang='lat' dir='ltr'>cum</span> 
     </span>
     <span class='ocr_line' id='line_1_22' title="bbox 197 3089 1022 3173; baseline -0.005 -17"><span class='ocrx_word' id='word_1_117' title='bbox 197 3094 237 3158; x_wconf 91' lang='lat' dir='ltr'>P.</span> <span class='ocrx_word' id='word_1_118' title='bbox 260 3093 480 3156; x_wconf 89' lang='lat' dir='ltr'>Theoderico</span> <span class='ocrx_word' id='word_1_119' title='bbox 504 3090 593 3173; x_wconf 90' lang='lat' dir='ltr'>Seiz,</span> <span class='ocrx_word' id='word_1_120' title='bbox 617 3111 682 3173; x_wconf 93' lang='lat' dir='ltr'>pro</span> <span class='ocrx_word' id='word_1_121' title='bbox 709 3089 934 3153; x_wconf 88' lang='lat' dir='ltr'>addiscendis</span> <span class='ocrx_word' id='word_1_122' title='bbox 960 3090 1022 3152; x_wconf 91' lang='lat' dir='ltr'>lin-</span> 
     </span>
     <span class='ocr_line' id='line_1_23' title="bbox 197 3212 1023 3299; baseline -0.005 -21"><span class='ocrx_word' id='word_1_123' title='bbox 197 3216 277 3299; x_wconf 90' lang='lat' dir='ltr'>guis</span> <span class='ocrx_word' id='word_1_124' title='bbox 304 3216 536 3278; x_wconf 91' lang='lat' dir='ltr'>orientalibus</span> <span class='ocrx_word' id='word_1_125' title='bbox 559 3216 605 3276; x_wconf 88' lang='lat' dir='ltr'>ad</span> <span class='ocrx_word' id='word_1_126' title='bbox 628 3234 654 3278; x_wconf 92' lang='lat' dir='ltr'>s.</span> <span class='ocrx_word' id='word_1_127' title='bbox 680 3212 774 3276; x_wconf 91' lang='lat' dir='ltr'>Galli</span> <span class='ocrx_word' id='word_1_128' title='bbox 797 3214 832 3275; x_wconf 93' lang='lat' dir='ltr'>in</span> <span class='ocrx_word' id='word_1_129' title='bbox 855 3213 1023 3276; x_wconf 91' lang='lat' dir='ltr'>Helvetia</span> 
     </span>
     <span class='ocr_line' id='line_1_24' title="bbox 196 3336 1022 3420; baseline -0.005 -19"><span class='ocrx_word' id='word_1_130' title='bbox 196 3339 392 3420; x_wconf 88' lang='lat' dir='ltr'>principale</span> <span class='ocrx_word' id='word_1_131' title='bbox 401 3337 651 3400; x_wconf 91' lang='lat' dir='ltr'>monasterium</span> <span class='ocrx_word' id='word_1_132' title='bbox 659 3337 858 3418; x_wconf 92' lang='lat' dir='ltr'>ablegatus,</span> <span class='ocrx_word' id='word_1_133' title='bbox 870 3336 1022 3417; x_wconf 92' lang='lat' dir='ltr'>indeque</span> 
     </span>
     <span class='ocr_line' id='line_1_25' title="bbox 195 3458 1021 3541; baseline -0.002 -19"><span class='ocrx_word' id='word_1_134' title='bbox 195 3468 394 3541; x_wconf 68' lang='lat' dir='ltr'>revocatus</span> <span class='ocrx_word' id='word_1_135' title='bbox 416 3478 493 3521; x_wconf 91' lang='lat' dir='ltr'>curn</span> <span class='ocrx_word' id='word_1_136' title='bbox 514 3458 808 3521; x_wconf 89' lang='lat' dir='ltr'>reverendissimo</span> <span class='ocrx_word' id='word_1_137' title='bbox 833 3458 865 3520; x_wconf 95' lang='lat' dir='ltr'>d.</span> <span class='ocrx_word' id='word_1_138' title='bbox 890 3459 1021 3520; x_wconf 91' lang='lat' dir='ltr'>abbate</span> 
     </span>
     <span class='ocr_line' id='line_1_26' title="bbox 195 3580 1021 3662; baseline -0.002 -18"><span class='ocrx_word' id='word_1_139' title='bbox 195 3582 316 3644; x_wconf 91' lang='lat' dir='ltr'>Blasio</span> <span class='ocrx_word' id='word_1_140' title='bbox 332 3581 507 3644; x_wconf 88' lang='lat' dir='ltr'>Viennam</span> <span class='ocrx_word' id='word_1_141' title='bbox 523 3581 704 3662; x_wconf 87' lang='lat' dir='ltr'>profectus</span> <span class='ocrx_word' id='word_1_142' title='bbox 721 3592 784 3662; x_wconf 90' lang='lat' dir='ltr'>est,</span> <span class='ocrx_word' id='word_1_143' title='bbox 805 3581 865 3642; x_wconf 91' lang='lat' dir='ltr'>ubi</span> <span class='ocrx_word' id='word_1_144' title='bbox 882 3580 1021 3642; x_wconf 90' lang='lat' dir='ltr'>solidio-</span> 
     </span>
     <span class='ocr_line' id='line_1_27' title="bbox 195 3702 1020 3784; baseline -0.004 -18"><span class='ocrx_word' id='word_1_145' title='bbox 195 3705 242 3766; x_wconf 93' lang='lat' dir='ltr'>ris</span> <span class='ocrx_word' id='word_1_146' title='bbox 254 3705 473 3766; x_wconf 88' lang='lat' dir='ltr'>litteraturae</span> <span class='ocrx_word' id='word_1_147' title='bbox 485 3703 715 3766; x_wconf 84' lang='lat' dir='ltr'>fundamenta</span> <span class='ocrx_word' id='word_1_148' title='bbox 728 3703 819 3784; x_wconf 90' lang='lat' dir='ltr'>iecit,</span> <span class='ocrx_word' id='word_1_149' title='bbox 829 3702 1020 3765; x_wconf 88' lang='lat' dir='ltr'>adiuvante</span> 
     </span>
     <span class='ocr_line' id='line_1_28' title="bbox 195 3825 1019 3906; baseline -0.002 -18"><span class='ocrx_word' id='word_1_150' title='bbox 195 3836 231 3888; x_wconf 92' lang='lat' dir='ltr'>et</span> <span class='ocrx_word' id='word_1_151' title='bbox 259 3826 361 3906; x_wconf 91' lang='lat' dir='ltr'>quasi</span> <span class='ocrx_word' id='word_1_152' title='bbox 391 3847 496 3888; x_wconf 90' lang='lat' dir='ltr'>manu</span> <span class='ocrx_word' id='word_1_153' title='bbox 527 3828 678 3888; x_wconf 88' lang='lat' dir='ltr'>ducente</span> <span class='ocrx_word' id='word_1_154' title='bbox 710 3825 913 3888; x_wconf 88' lang='lat' dir='ltr'>doctissimo</span> <span class='ocrx_word' id='word_1_155' title='bbox 943 3825 1019 3887; x_wconf 89' lang='lat' dir='ltr'>viro</span> 
     </span>
     <span class='ocr_line' id='line_1_29' title="bbox 195 3946 1019 4029; baseline -0.002 -19"><span class='ocrx_word' id='word_1_156' title='bbox 195 3946 388 4029; x_wconf 90' lang='lat' dir='ltr'>Gentilloti,</span> <span class='ocrx_word' id='word_1_157' title='bbox 406 3967 594 4010; x_wconf 88' lang='lat' dir='ltr'>caesareae</span> <span class='ocrx_word' id='word_1_158' title='bbox 610 3948 847 4009; x_wconf 90' lang='lat' dir='ltr'>bibliothecae</span> <span class='ocrx_word' id='word_1_159' title='bbox 862 3947 1019 4027; x_wconf 90' lang='lat' dir='ltr'>custode,</span> 
     </span>
     <span class='ocr_line' id='line_1_30' title="bbox 196 4069 1019 4149; baseline -0.002 -18"><span class='ocrx_word' id='word_1_160' title='bbox 196 4079 231 4132; x_wconf 92' lang='lat' dir='ltr'>et</span> <span class='ocrx_word' id='word_1_161' title='bbox 261 4079 387 4149; x_wconf 89' lang='lat' dir='ltr'>postea</span> <span class='ocrx_word' id='word_1_162' title='bbox 418 4069 587 4149; x_wconf 89' lang='lat' dir='ltr'>episcopo</span> <span class='ocrx_word' id='word_1_163' title='bbox 617 4069 839 4149; x_wconf 84' lang='lat' dir='ltr'>Tridentino,</span> <span class='ocrx_word' id='word_1_164' title='bbox 874 4069 1019 4130; x_wconf 92' lang='lat' dir='ltr'>multam</span> 
     </span>
     <span class='ocr_line' id='line_1_31' title="bbox 195 4190 1019 4272; baseline -0.004 -18"><span class='ocrx_word' id='word_1_165' title='bbox 195 4191 301 4254; x_wconf 89' lang='lat' dir='ltr'>etiam</span> <span class='ocrx_word' id='word_1_166' title='bbox 317 4210 462 4272; x_wconf 89' lang='lat' dir='ltr'>operam</span> <span class='ocrx_word' id='word_1_167' title='bbox 479 4193 524 4252; x_wconf 93' lang='lat' dir='ltr'>ad</span> <span class='ocrx_word' id='word_1_168' title='bbox 537 4191 571 4251; x_wconf 88' lang='lat' dir='ltr'>id</span> <span class='ocrx_word' id='word_1_169' title='bbox 585 4190 788 4254; x_wconf 88' lang='lat' dir='ltr'>conferente</span> <span class='ocrx_word' id='word_1_170' title='bbox 801 4191 1019 4253; x_wconf 89' lang='lat' dir='ltr'>celeberrimi</span> 
     </span>
     <span class='ocr_line' id='line_1_32' title="bbox 195 4312 1017 4393; baseline -0.002 -17"><span class='ocrx_word' id='word_1_171' title='bbox 195 4313 343 4376; x_wconf 92' lang='lat' dir='ltr'>nominis</span> <span class='ocrx_word' id='word_1_172' title='bbox 359 4315 435 4376; x_wconf 92' lang='lat' dir='ltr'>viro</span> <span class='ocrx_word' id='word_1_173' title='bbox 451 4313 490 4374; x_wconf 92' lang='lat' dir='ltr'>P.</span> <span class='ocrx_word' id='word_1_174' title='bbox 507 4312 689 4375; x_wconf 92' lang='lat' dir='ltr'>Bernardo</span> <span class='ocrx_word' id='word_1_175' title='bbox 704 4313 785 4393; x_wconf 88' lang='lat' dir='ltr'>Pez,</span> <span class='ocrx_word' id='word_1_176' title='bbox 801 4314 897 4393; x_wconf 88' lang='lat' dir='ltr'>apud</span> <span class='ocrx_word' id='word_1_177' title='bbox 913 4332 1017 4393; x_wconf 90' lang='lat' dir='ltr'>quern</span> 
     </span>
     <span class='ocr_line' id='line_1_33' title="bbox 196 4434 1017 4498; baseline 0 -1"><span class='ocrx_word' id='word_1_178' title='bbox 196 4438 241 4497; x_wconf 89' lang='lat' dir='ltr'>ad</span> <span class='ocrx_word' id='word_1_179' title='bbox 262 4446 334 4497; x_wconf 92' lang='lat' dir='ltr'>tres</span> <span class='ocrx_word' id='word_1_180' title='bbox 354 4436 447 4498; x_wconf 91' lang='lat' dir='ltr'>circa</span> <span class='ocrx_word' id='word_1_181' title='bbox 467 4454 607 4497; x_wconf 91' lang='lat' dir='ltr'>menses</span> <span class='ocrx_word' id='word_1_182' title='bbox 628 4435 662 4497; x_wconf 91' lang='lat' dir='ltr'>in</span> <span class='ocrx_word' id='word_1_183' title='bbox 678 4434 875 4497; x_wconf 89' lang='lat' dir='ltr'>Mellicensi</span> <span class='ocrx_word' id='word_1_184' title='bbox 898 4454 1017 4497; x_wconf 90' lang='lat' dir='ltr'>mona-</span> 
     </span>
     <span class='ocr_line' id='line_1_34' title="bbox 140 4555 1014 4620; baseline -0.001 0"><span class='ocrx_word' id='word_1_185' title='bbox 140 4572 144 4581; x_wconf 85' lang='lat'>·</span> <span class='ocrx_word' id='word_1_186' title='bbox 196 4557 304 4620; x_wconf 89' lang='lat' dir='ltr'>sterio</span> <span class='ocrx_word' id='word_1_187' title='bbox 335 4559 547 4619; x_wconf 89' lang='lat' dir='ltr'>morabatur.</span> <span class='ocrx_word' id='word_1_188' title='bbox 586 4555 781 4618; x_wconf 88' lang='lat' dir='ltr'>Cardinalis</span> <span class='ocrx_word' id='word_1_189' title='bbox 807 4557 1014 4619; x_wconf 90' lang='lat' dir='ltr'>Dominicus</span> 
     </span>
     <span class='ocr_line' id='line_1_35' title="bbox 193 4679 1016 4762; baseline 0 -20"><span class='ocrx_word' id='word_1_190' title='bbox 193 4680 378 4743; x_wconf 91' lang='lat' dir='ltr'>Passionei</span> <span class='ocrx_word' id='word_1_191' title='bbox 393 4689 467 4742; x_wconf 92' lang='lat' dir='ltr'>tum</span> <span class='ocrx_word' id='word_1_192' title='bbox 483 4679 652 4759; x_wconf 91' lang='lat' dir='ltr'>temporis</span> <span class='ocrx_word' id='word_1_193' title='bbox 668 4679 810 4742; x_wconf 91' lang='lat' dir='ltr'>nuntius</span> <span class='ocrx_word' id='word_1_194' title='bbox 823 4680 1016 4762; x_wconf 91' lang='lat' dir='ltr'>Lucernae,</span> 
     </span>
     <span class='ocr_line' id='line_1_36' title="bbox 191 4801 1016 4885; baseline -0.001 -20"><span class='ocrx_word' id='word_1_195' title='bbox 191 4804 237 4865; x_wconf 92' lang='lat' dir='ltr'>ad</span> <span class='ocrx_word' id='word_1_196' title='bbox 259 4823 363 4884; x_wconf 90' lang='lat' dir='ltr'>quem</span> <span class='ocrx_word' id='word_1_197' title='bbox 388 4802 422 4864; x_wconf 92' lang='lat' dir='ltr'>in</span> <span class='ocrx_word' id='word_1_198' title='bbox 443 4802 588 4885; x_wconf 90' lang='lat' dir='ltr'>negotio</span> <span class='ocrx_word' id='word_1_199' title='bbox 609 4801 746 4864; x_wconf 93' lang='lat' dir='ltr'>unionis</span> <span class='ocrx_word' id='word_1_200' title='bbox 762 4802 866 4864; x_wconf 91' lang='lat' dir='ltr'>trium</span> <span class='ocrx_word' id='word_1_201' title='bbox 883 4802 1016 4883; x_wconf 93' lang='lat' dir='ltr'>priora·</span> 
     </span>
     <span class='ocr_line' id='line_1_37' title="bbox 190 4925 1015 5007; baseline -0.002 -19"><span class='ocrx_word' id='word_1_202' title='bbox 190 4937 289 4988; x_wconf 90' lang='lat' dir='ltr'>tuum</span> <span class='ocrx_word' id='word_1_203' title='bbox 305 4925 438 4987; x_wconf 90' lang='lat' dir='ltr'>ordinis</span> <span class='ocrx_word' id='word_1_204' title='bbox 454 4945 481 4989; x_wconf 89' lang='lat' dir='ltr'>s.</span> <span class='ocrx_word' id='word_1_205' title='bbox 497 4925 678 4987; x_wconf 91' lang='lat' dir='ltr'>Wilhelmi</span> <span class='ocrx_word' id='word_1_206' title='bbox 694 4925 930 5007; x_wconf 89' lang='lat' dir='ltr'>Marquardus</span> <span class='ocrx_word' id='word_1_207' title='bbox 954 4925 1015 4987; x_wconf 94' lang='lat' dir='ltr'>ali-</span> 
     </span>
     <span class='ocr_line' id='line_1_38' title="bbox 191 5047 1015 5130; baseline -0.002 -20"><span class='ocrx_word' id='word_1_208' title='bbox 191 5049 329 5129; x_wconf 91' lang='lat' dir='ltr'>quoties</span> <span class='ocrx_word' id='word_1_209' title='bbox 346 5048 543 5111; x_wconf 91' lang='lat' dir='ltr'>destinatus</span> <span class='ocrx_word' id='word_1_210' title='bbox 559 5047 684 5130; x_wconf 83' lang='lat' dir='ltr'>fuerat,</span> <span class='ocrx_word' id='word_1_211' title='bbox 701 5068 780 5110; x_wconf 91' lang='lat' dir='ltr'>cum</span> <span class='ocrx_word' id='word_1_212' title='bbox 795 5048 862 5110; x_wconf 91' lang='lat' dir='ltr'>viri</span> <span class='ocrx_word' id='word_1_213' title='bbox 878 5047 1015 5111; x_wconf 91' lang='lat' dir='ltr'>iuvenis</span> 
     </span>
     <span class='ocr_line' id='line_1_39' title="bbox 190 5170 1014 5250; baseline 0.001 -19"><span class='ocrx_word' id='word_1_214' title='bbox 190 5171 409 5250; x_wconf 89' lang='lat' dir='ltr'>aptissimam</span> <span class='ocrx_word' id='word_1_215' title='bbox 422 5172 467 5233; x_wconf 95' lang='lat' dir='ltr'>ad</span> <span class='ocrx_word' id='word_1_216' title='bbox 480 5170 715 5233; x_wconf 91' lang='lat' dir='ltr'>reconditiora</span> <span class='ocrx_word' id='word_1_217' title='bbox 728 5170 845 5233; x_wconf 91' lang='lat' dir='ltr'>studia</span> <span class='ocrx_word' id='word_1_218' title='bbox 862 5170 1014 5233; x_wconf 93' lang='lat' dir='ltr'>indolem</span> 
     </span>
     <span class='ocr_line' id='line_1_40' title="bbox 191 5291 1014 5374; baseline 0.004 -22"><span class='ocrx_word' id='word_1_219' title='bbox 191 5291 258 5353; x_wconf 93' lang='lat' dir='ltr'>sibi</span> <span class='ocrx_word' id='word_1_220' title='bbox 270 5303 495 5374; x_wconf 89' lang='lat' dir='ltr'>perspectam</span> <span class='ocrx_word' id='word_1_221' title='bbox 506 5293 664 5374; x_wconf 92' lang='lat' dir='ltr'>haberet,</span> <span class='ocrx_word' id='word_1_222' title='bbox 682 5312 761 5354; x_wconf 92' lang='lat' dir='ltr'>eum</span> <span class='ocrx_word' id='word_1_223' title='bbox 773 5291 905 5356; x_wconf 91' lang='lat' dir='ltr'>diutius</span> <span class='ocrx_word' id='word_1_224' title='bbox 917 5293 1014 5372; x_wconf 91' lang='lat' dir='ltr'>apud</span> 
     </span>
     <span class='ocr_line' id='line_1_41' title="bbox 190 5413 1015 5498; baseline 0.004 -24"><span class='ocrx_word' id='word_1_225' title='bbox 190 5431 229 5474; x_wconf 92' lang='lat' dir='ltr'>se</span> <span class='ocrx_word' id='word_1_226' title='bbox 242 5414 393 5494; x_wconf 89' lang='lat' dir='ltr'>retinuit,</span> <span class='ocrx_word' id='word_1_227' title='bbox 412 5425 519 5496; x_wconf 92' lang='lat' dir='ltr'>atque</span> <span class='ocrx_word' id='word_1_228' title='bbox 532 5415 664 5498; x_wconf 90' lang='lat' dir='ltr'>abbati,</span> <span class='ocrx_word' id='word_1_229' title='bbox 680 5413 842 5476; x_wconf 87' lang='lat' dir='ltr'>familiari</span> <span class='ocrx_word' id='word_1_230' title='bbox 860 5414 1015 5477; x_wconf 90' lang='lat' dir='ltr'>amicitia</span> 
     </span>
    </p>
   </div>
   <div class='ocr_carea' id='block_1_5' title="bbox 1103 645 1946 2441">
    <p class='ocr_par' dir='ltr' id='par_1_5' title="bbox 1103 645 1946 2441">
     <span class='ocr_line' id='line_1_42' title="bbox 1106 645 1946 736; baseline 0.007 -23"><span class='ocrx_word' id='word_1_231' title='bbox 1106 645 1183 714; x_wconf 86' lang='lat' dir='ltr'>sibi&#39;</span> <span class='ocrx_word' id='word_1_232' title='bbox 1197 653 1497 736; x_wconf 89' lang='lat' dir='ltr'>coniunctissimo,</span> <span class='ocrx_word' id='word_1_233' title='bbox 1523 665 1647 718; x_wconf 91' lang='lat' dir='ltr'>auctor</span> <span class='ocrx_word' id='word_1_234' title='bbox 1671 654 1754 736; x_wconf 89' lang='lat' dir='ltr'>fuit,</span> <span class='ocrx_word' id='word_1_235' title='bbox 1779 657 1946 719; x_wconf 88' lang='lat' dir='ltr'>utillum</span> 
     </span>
     <span class='ocr_line' id='line_1_43' title="bbox 1106 773 1946 841; baseline 0.007 -6"><span class='ocrx_word' id='word_1_236' title='bbox 1106 773 1283 836; x_wconf 90' lang='lat' dir='ltr'>Lutetiam</span> <span class='ocrx_word' id='word_1_237' title='bbox 1299 774 1515 838; x_wconf 90' lang='lat' dir='ltr'>Parisiorum</span> <span class='ocrx_word' id='word_1_238' title='bbox 1531 777 1577 838; x_wconf 94' lang='lat' dir='ltr'>ad</span> <span class='ocrx_word' id='word_1_239' title='bbox 1593 776 1721 839; x_wconf 91' lang='lat' dir='ltr'>Patres</span> <span class='ocrx_word' id='word_1_240' title='bbox 1734 777 1946 841; x_wconf 89' lang='lat' dir='ltr'>Benedicti-</span> 
     </span>
     <span class='ocr_line' id='line_1_44' title="bbox 1105 896 1943 981; baseline 0.007 -24"><span class='ocrx_word' id='word_1_241' title='bbox 1105 914 1170 958; x_wconf 92' lang='lat' dir='ltr'>nos</span> <span class='ocrx_word' id='word_1_242' title='bbox 1187 896 1477 979; x_wconf 87' lang='lat' dir='ltr'>congregationis</span> <span class='ocrx_word' id='word_1_243' title='bbox 1494 917 1521 962; x_wconf 88' lang='lat' dir='ltr'>s.</span> <span class='ocrx_word' id='word_1_244' title='bbox 1538 897 1654 960; x_wconf 90' lang='lat' dir='ltr'>Mauri</span> <span class='ocrx_word' id='word_1_245' title='bbox 1670 899 1840 981; x_wconf 89' lang='lat' dir='ltr'>mitteret,</span> <span class='ocrx_word' id='word_1_246' title='bbox 1863 900 1943 963; x_wconf 90' lang='lat' dir='ltr'>orbi</span> 
     </span>
     <span class='ocr_line' id='line_1_45' title="bbox 1105 1017 1942 1101; baseline 0.008 -22"><span class='ocrx_word' id='word_1_247' title='bbox 1105 1017 1276 1080; x_wconf 90' lang='lat' dir='ltr'>litterario</span> <span class='ocrx_word' id='word_1_248' title='bbox 1294 1019 1540 1082; x_wconf 90' lang='lat' dir='ltr'>eruditissimis</span> <span class='ocrx_word' id='word_1_249' title='bbox 1556 1021 1724 1101; x_wconf 92' lang='lat' dir='ltr'>operibus</span> <span class='ocrx_word' id='word_1_250' title='bbox 1737 1020 1812 1083; x_wconf 93' lang='lat' dir='ltr'>suis</span> <span class='ocrx_word' id='word_1_251' title='bbox 1829 1020 1942 1086; x_wconf 90' lang='lat' dir='ltr'>notis·</span> 
     </span>
     <span class='ocr_line' id='line_1_46' title="bbox 1105 1138 1941 1207; baseline 0.007 -6"><span class='ocrx_word' id='word_1_252' title='bbox 1105 1138 1221 1202; x_wconf 91' lang='lat' dir='ltr'>simos.</span> <span class='ocrx_word' id='word_1_253' title='bbox 1254 1139 1309 1203; x_wconf 93' lang='lat' dir='ltr'>Ibi</span> <span class='ocrx_word' id='word_1_254' title='bbox 1334 1140 1617 1204; x_wconf 90' lang='lat' dir='ltr'>doctissimorum</span> <span class='ocrx_word' id='word_1_255' title='bbox 1641 1142 1797 1206; x_wconf 91' lang='lat' dir='ltr'>virorum</span> <span class='ocrx_word' id='word_1_256' title='bbox 1820 1143 1941 1207; x_wconf 91' lang='lat' dir='ltr'>Mont-</span> 
     </span>
     <span class='ocr_line' id='line_1_47' title="bbox 1104 1261 1941 1346; baseline 0.007 -23"><span class='ocrx_word' id='word_1_257' title='bbox 1104 1261 1245 1344; x_wconf 88' lang='lat' dir='ltr'>foconii,</span> <span class='ocrx_word' id='word_1_258' title='bbox 1258 1262 1426 1344; x_wconf 90' lang='lat' dir='ltr'>Tullierii,</span> <span class='ocrx_word' id='word_1_259' title='bbox 1438 1263 1605 1325; x_wconf 90' lang='lat' dir='ltr'>Martenii</span> <span class='ocrx_word' id='word_1_260' title='bbox 1617 1263 1840 1346; x_wconf 90' lang='lat' dir='ltr'>aliorumque</span> <span class='ocrx_word' id='word_1_261' title='bbox 1857 1285 1941 1329; x_wconf 92' lang='lat' dir='ltr'>con·</span> 
     </span>
     <span class='ocr_line' id='line_1_48' title="bbox 1105 1383 1940 1467; baseline 0.006 -22"><span class='ocrx_word' id='word_1_262' title='bbox 1105 1383 1291 1447; x_wconf 92' lang='lat' dir='ltr'>suetudine</span> <span class='ocrx_word' id='word_1_263' title='bbox 1302 1393 1339 1446; x_wconf 95' lang='lat' dir='ltr'>et</span> <span class='ocrx_word' id='word_1_264' title='bbox 1346 1384 1533 1466; x_wconf 91' lang='lat' dir='ltr'>conloquio</span> <span class='ocrx_word' id='word_1_265' title='bbox 1544 1405 1639 1467; x_wconf 91' lang='lat' dir='ltr'>usus,</span> <span class='ocrx_word' id='word_1_266' title='bbox 1648 1388 1715 1447; x_wconf 92' lang='lat' dir='ltr'>sub</span> <span class='ocrx_word' id='word_1_267' title='bbox 1729 1386 1841 1449; x_wconf 90' lang='lat' dir='ltr'>tantis</span> <span class='ocrx_word' id='word_1_268' title='bbox 1853 1388 1940 1450; x_wconf 90' lang='lat' dir='ltr'>duc-</span> 
     </span>
     <span class='ocr_line' id='line_1_49' title="bbox 1105 1505 1939 1591; baseline 0.006 -24"><span class='ocrx_word' id='word_1_269' title='bbox 1105 1505 1240 1568; x_wconf 90' lang='lat' dir='ltr'>toribus</span> <span class='ocrx_word' id='word_1_270' title='bbox 1266 1526 1415 1587; x_wconf 89' lang='lat' dir='ltr'>magnos</span> <span class='ocrx_word' id='word_1_271' title='bbox 1442 1505 1478 1568; x_wconf 92' lang='lat' dir='ltr'>in</span> <span class='ocrx_word' id='word_1_272' title='bbox 1507 1507 1622 1569; x_wconf 89' lang='lat' dir='ltr'>stadio</span> <span class='ocrx_word' id='word_1_273' title='bbox 1653 1506 1828 1571; x_wconf 90' lang='lat' dir='ltr'>litterario</span> <span class='ocrx_word' id='word_1_274' title='bbox 1857 1528 1939 1591; x_wconf 91' lang='lat' dir='ltr'>pro·</span> 
     </span>
     <span class='ocr_line' id='line_1_50' title="bbox 1103 1626 1936 1714; baseline 0.005 -26"><span class='ocrx_word' id='word_1_275' title='bbox 1103 1646 1250 1708; x_wconf 90' lang='lat' dir='ltr'>gressus</span> <span class='ocrx_word' id='word_1_276' title='bbox 1276 1626 1376 1709; x_wconf 89' lang='lat' dir='ltr'>fecit,</span> <span class='ocrx_word' id='word_1_277' title='bbox 1408 1638 1444 1690; x_wconf 92' lang='lat' dir='ltr'>et</span> <span class='ocrx_word' id='word_1_278' title='bbox 1470 1627 1617 1691; x_wconf 92' lang='lat' dir='ltr'>Parisiis</span> <span class='ocrx_word' id='word_1_279' title='bbox 1648 1629 1764 1692; x_wconf 92' lang='lat' dir='ltr'>adhuc</span> <span class='ocrx_word' id='word_1_280' title='bbox 1797 1631 1936 1714; x_wconf 88' lang='lat' dir='ltr'>degens</span> 
     </span>
     <span class='ocr_line' id='line_1_51' title="bbox 1104 1749 1936 1834; baseline 0.006 -24"><span class='ocrx_word' id='word_1_281' title='bbox 1104 1768 1196 1811; x_wconf 91' lang='lat' dir='ltr'>anno</span> <span class='ocrx_word' id='word_1_282' title='bbox 1216 1753 1296 1829; x_wconf 80' lang='lat'>1726</span> <span class='ocrx_word' id='word_1_283' title='bbox 1317 1749 1444 1811; x_wconf 89' lang='lat' dir='ltr'>librum</span> <span class='ocrx_word' id='word_1_284' title='bbox 1466 1749 1592 1812; x_wconf 88' lang='lat' dir='ltr'>edidit:</span> <span class='ocrx_word' id='word_1_285' title='bbox 1614 1750 1730 1813; x_wconf 92' lang='lat' dir='ltr'>Vetus</span> <span class='ocrx_word' id='word_1_286' title='bbox 1746 1751 1936 1834; x_wconf 91' lang='lat' dir='ltr'>disciplina</span> 
     </span>
     <span class='ocr_line' id='line_1_52' title="bbox 1104 1871 1934 1952; baseline 0.006 -19"><span class='ocrx_word' id='word_1_287' title='bbox 1104 1871 1310 1952; x_wconf 89' lang='lat' dir='ltr'>monastica,</span> <span class='ocrx_word' id='word_1_288' title='bbox 1334 1890 1396 1934; x_wconf 91' lang='lat' dir='ltr'>seu</span> <span class='ocrx_word' id='word_1_289' title='bbox 1421 1871 1584 1934; x_wconf 92' lang='lat' dir='ltr'>collectio</span> <span class='ocrx_word' id='word_1_290' title='bbox 1609 1880 1794 1936; x_wconf 92' lang='lat' dir='ltr'>auctorum</span> <span class='ocrx_word' id='word_1_291' title='bbox 1816 1876 1893 1940; x_wconf 87' lang='lat' dir='ltr'>ord.</span> <span class='ocrx_word' id='word_1_292' title='bbox 1908 1896 1934 1938; x_wconf 89' lang='lat' dir='ltr'>s.</span> 
     </span>
     <span class='ocr_line' id='line_1_53' title="bbox 1104 1994 1934 2080; baseline 0.005 -24"><span class='ocrx_word' id='word_1_293' title='bbox 1104 1994 1291 2057; x_wconf 89' lang='lat' dir='ltr'>Benedicti</span> <span class='ocrx_word' id='word_1_294' title='bbox 1321 1994 1510 2073; x_wconf 79' lang='lat' dir='ltr'>maximam</span> <span class='ocrx_word' id='word_1_295' title='bbox 1541 2003 1680 2076; x_wconf 90' lang='lat' dir='ltr'>partem</span> <span class='ocrx_word' id='word_1_296' title='bbox 1710 1994 1934 2080; x_wconf 91' lang='lat' dir='ltr'>ineditorum,</span> 
     </span>
     <span class='ocr_line' id='line_1_54' title="bbox 1105 2115 1932 2202; baseline 0.006 -25"><span class='ocrx_word' id='word_1_297' title='bbox 1105 2116 1165 2197; x_wconf 93' lang='lat' dir='ltr'>qui</span> <span class='ocrx_word' id='word_1_298' title='bbox 1181 2127 1264 2178; x_wconf 92' lang='lat' dir='ltr'>ante</span> <span class='ocrx_word' id='word_1_299' title='bbox 1281 2126 1470 2179; x_wconf 89' lang='lat' dir='ltr'>sexcentos</span> <span class='ocrx_word' id='word_1_300' title='bbox 1485 2115 1560 2178; x_wconf 87' lang='lat' dir='ltr'>fere</span> <span class='ocrx_word' id='word_1_301' title='bbox 1577 2136 1689 2178; x_wconf 90' lang='lat' dir='ltr'>annos</span> <span class='ocrx_word' id='word_1_302' title='bbox 1705 2137 1769 2197; x_wconf 92' lang='lat' dir='ltr'>per</span> <span class='ocrx_word' id='word_1_303' title='bbox 1782 2117 1932 2202; x_wconf 90' lang='lat' dir='ltr'>Italiam,</span> 
     </span>
     <span class='ocr_line' id='line_1_55' title="bbox 1105 2236 1934 2319; baseline 0.005 -19"><span class='ocrx_word' id='word_1_304' title='bbox 1105 2236 1257 2300; x_wconf 87' lang='lat' dir='ltr'>Galliam</span> <span class='ocrx_word' id='word_1_305' title='bbox 1281 2248 1388 2319; x_wconf 92' lang='lat' dir='ltr'>atque</span> <span class='ocrx_word' id='word_1_306' title='bbox 1413 2238 1639 2301; x_wconf 88' lang='lat' dir='ltr'>Germaniam</span> <span class='ocrx_word' id='word_1_307' title='bbox 1667 2240 1712 2301; x_wconf 94' lang='lat' dir='ltr'>de</span> <span class='ocrx_word' id='word_1_308' title='bbox 1736 2242 1934 2306; x_wconf 89' lang='lat' dir='ltr'>monastica</span> 
     </span>
     <span class='ocr_line' id='line_1_56' title="bbox 1104 2360 1932 2441; baseline 0.005 -18"><span class='ocrx_word' id='word_1_309' title='bbox 1104 2360 1290 2441; x_wconf 89' lang='lat' dir='ltr'>disciplina</span> <span class='ocrx_word' id='word_1_310' title='bbox 1305 2371 1513 2425; x_wconf 89' lang='lat' dir='ltr'>tractarunt.</span> <span class='ocrx_word' id='word_1_311' title='bbox 1536 2360 1702 2425; x_wconf 82' lang='lat' dir='ltr'>Continet</span> <span class='ocrx_word' id='word_1_312' title='bbox 1717 2382 1776 2425; x_wconf 90' lang='lat' dir='ltr'>res</span> <span class='ocrx_word' id='word_1_313' title='bbox 1792 2382 1864 2427; x_wconf 92' lang='lat' dir='ltr'>non</span> <span class='ocrx_word' id='word_1_314' title='bbox 1880 2383 1932 2427; x_wconf 93' lang='lat' dir='ltr'>so·</span> 
     </span>
    </p>
   </div>
   <div class='ocr_carea' id='block_1_6' title="bbox 1103 2483 1930 2568">
    <p class='ocr_par' dir='ltr' id='par_1_6' title="bbox 1103 2483 1930 2568">
     <span class='ocr_line' id='line_1_57' title="bbox 1103 2483 1930 2568; baseline 0.005 -25"><span class='ocrx_word' id='word_1_315' title='bbox 1103 2483 1174 2544; x_wconf 92' lang='lat' dir='ltr'>lum</span> <span class='ocrx_word' id='word_1_316' title='bbox 1183 2483 1407 2565; x_wconf 90' lang='lat' dir='ltr'>monasticas,</span> <span class='ocrx_word' id='word_1_317' title='bbox 1417 2484 1481 2545; x_wconf 91' lang='lat' dir='ltr'>sed</span> <span class='ocrx_word' id='word_1_318' title='bbox 1491 2483 1596 2546; x_wconf 93' lang='lat' dir='ltr'>etiam</span> <span class='ocrx_word' id='word_1_319' title='bbox 1607 2484 1930 2568; x_wconf 88' lang='lat' dir='ltr'>ecclesiasticas,ad</span> 
     </span>
    </p>
   </div>
   <div class='ocr_carea' id='block_1_7' title="bbox 1094 2604 1939 5496">
    <p class='ocr_par' dir='ltr' id='par_1_7' title="bbox 1094 2604 1939 5496">
     <span class='ocr_line' id='line_1_58' title="bbox 1103 2604 1931 2684; baseline 0.004 -17"><span class='ocrx_word' id='word_1_320' title='bbox 1103 2605 1285 2667; x_wconf 89' lang='lat' dir='ltr'>historiam</span> <span class='ocrx_word' id='word_1_321' title='bbox 1301 2624 1437 2666; x_wconf 88' lang='lat' dir='ltr'>sacram</span> <span class='ocrx_word' id='word_1_322' title='bbox 1454 2604 1684 2684; x_wconf 80' lang='lat' dir='ltr'>pertinentes,</span> <span class='ocrx_word' id='word_1_323' title='bbox 1708 2605 1867 2670; x_wconf 90' lang='lat' dir='ltr'>Primum</span> <span class='ocrx_word' id='word_1_324' title='bbox 1882 2607 1931 2670; x_wconf 91' lang='lat' dir='ltr'>in·</span> 
     </span>
     <span class='ocr_line' id='line_1_59' title="bbox 1103 2726 1931 2813; baseline 0.006 -25"><span class='ocrx_word' id='word_1_325' title='bbox 1103 2726 1200 2809; x_wconf 90' lang='lat' dir='ltr'>genii</span> <span class='ocrx_word' id='word_1_326' title='bbox 1216 2727 1269 2789; x_wconf 90' lang='lat' dir='ltr'>sui</span> <span class='ocrx_word' id='word_1_327' title='bbox 1286 2727 1419 2790; x_wconf 87' lang='lat' dir='ltr'>foetum</span> <span class='ocrx_word' id='word_1_328' title='bbox 1436 2727 1558 2789; x_wconf 91' lang='lat' dir='ltr'>abbati</span> <span class='ocrx_word' id='word_1_329' title='bbox 1570 2727 1692 2790; x_wconf 90' lang='lat' dir='ltr'>Blasio</span> <span class='ocrx_word' id='word_1_330' title='bbox 1706 2749 1784 2791; x_wconf 93' lang='lat' dir='ltr'>cum</span> <span class='ocrx_word' id='word_1_331' title='bbox 1802 2729 1931 2813; x_wconf 89' lang='lat' dir='ltr'>insigni</span> 
     </span>
     <span class='ocr_line' id='line_1_60' title="bbox 1104 2850 1931 2931; baseline 0.006 -21"><span class='ocrx_word' id='word_1_332' title='bbox 1104 2850 1263 2912; x_wconf 92' lang='lat' dir='ltr'>encomio</span> <span class='ocrx_word' id='word_1_333' title='bbox 1291 2850 1488 2931; x_wconf 91' lang='lat' dir='ltr'>inscripsit,</span> <span class='ocrx_word' id='word_1_334' title='bbox 1516 2861 1638 2912; x_wconf 91' lang='lat' dir='ltr'>contra</span> <span class='ocrx_word' id='word_1_335' title='bbox 1666 2870 1766 2931; x_wconf 90' lang='lat' dir='ltr'>spem</span> <span class='ocrx_word' id='word_1_336' title='bbox 1798 2855 1845 2914; x_wconf 91' lang='lat' dir='ltr'>ab</span> <span class='ocrx_word' id='word_1_337' title='bbox 1874 2853 1931 2915; x_wconf 92' lang='lat' dir='ltr'>illo</span> 
     </span>
     <span class='ocr_line' id='line_1_61' title="bbox 1103 2972 1932 3054; baseline 0.004 -20"><span class='ocrx_word' id='word_1_338' title='bbox 1103 2972 1193 3034; x_wconf 89' lang='lat' dir='ltr'>male</span> <span class='ocrx_word' id='word_1_339' title='bbox 1209 2972 1351 3033; x_wconf 89' lang='lat' dir='ltr'>omnino</span> <span class='ocrx_word' id='word_1_340' title='bbox 1368 2983 1569 3053; x_wconf 90' lang='lat' dir='ltr'>exceptum,</span> <span class='ocrx_word' id='word_1_341' title='bbox 1592 2972 1687 3053; x_wconf 94' lang='lat' dir='ltr'>quod</span> <span class='ocrx_word' id='word_1_342' title='bbox 1709 2973 1932 3054; x_wconf 85' lang='lat' dir='ltr'>praefatione</span> 
     </span>
     <span class='ocr_line' id='line_1_62' title="bbox 1103 3093 1934 3177; baseline 0.005 -21"><span class='ocrx_word' id='word_1_343' title='bbox 1103 3094 1178 3156; x_wconf 92' lang='lat' dir='ltr'>eius</span> <span class='ocrx_word' id='word_1_344' title='bbox 1206 3093 1325 3174; x_wconf 90' lang='lat' dir='ltr'>operis</span> <span class='ocrx_word' id='word_1_345' title='bbox 1352 3094 1438 3155; x_wconf 90' lang='lat' dir='ltr'>satis</span> <span class='ocrx_word' id='word_1_346' title='bbox 1463 3094 1602 3174; x_wconf 89' lang='lat' dir='ltr'>prolixa</span> <span class='ocrx_word' id='word_1_347' title='bbox 1626 3114 1829 3177; x_wconf 90' lang='lat' dir='ltr'>magnaque</span> <span class='ocrx_word' id='word_1_348' title='bbox 1854 3116 1934 3159; x_wconf 90' lang='lat' dir='ltr'>cum</span> 
     </span>
     <span class='ocr_line' id='line_1_63' title="bbox 1103 3216 1934 3301; baseline 0.005 -22"><span class='ocrx_word' id='word_1_349' title='bbox 1103 3216 1298 3279; x_wconf 88' lang='lat' dir='ltr'>eruditione</span> <span class='ocrx_word' id='word_1_350' title='bbox 1330 3225 1365 3278; x_wconf 92' lang='lat' dir='ltr'>et</span> <span class='ocrx_word' id='word_1_351' title='bbox 1395 3216 1467 3279; x_wconf 90' lang='lat' dir='ltr'>stili</span> <span class='ocrx_word' id='word_1_352' title='bbox 1504 3217 1683 3298; x_wconf 87' lang='lat' dir='ltr'>elegantia</span> <span class='ocrx_word' id='word_1_353' title='bbox 1717 3219 1934 3301; x_wconf 85' lang='lat' dir='ltr'>conscripta,</span> 
     </span>
     <span class='ocr_line' id='line_1_64' title="bbox 1101 3337 1937 3405; baseline 0.006 -5"><span class='ocrx_word' id='word_1_354' title='bbox 1101 3339 1270 3400; x_wconf 89' lang='lat' dir='ltr'>musicam</span> <span class='ocrx_word' id='word_1_355' title='bbox 1286 3339 1589 3401; x_wconf 89' lang='lat' dir='ltr'>instrumentalem</span> <span class='ocrx_word' id='word_1_356' title='bbox 1602 3339 1637 3400; x_wconf 95' lang='lat' dir='ltr'>in</span> <span class='ocrx_word' id='word_1_357' title='bbox 1651 3337 1868 3404; x_wconf 87' lang='lat' dir='ltr'>Germaniae</span> <span class='ocrx_word' id='word_1_358' title='bbox 1882 3362 1937 3405; x_wconf 92' lang='lat' dir='ltr'>or·</span> 
     </span>
     <span class='ocr_line' id='line_1_65' title="bbox 1102 3460 1937 3527; baseline 0.006 -5"><span class='ocrx_word' id='word_1_359' title='bbox 1102 3460 1193 3522; x_wconf 91' lang='lat' dir='ltr'>dinis</span> <span class='ocrx_word' id='word_1_360' title='bbox 1209 3461 1321 3523; x_wconf 90' lang='lat' dir='ltr'>nostri</span> <span class='ocrx_word' id='word_1_361' title='bbox 1336 3460 1559 3523; x_wconf 89' lang='lat' dir='ltr'>monasteriis</span> <span class='ocrx_word' id='word_1_362' title='bbox 1580 3462 1670 3523; x_wconf 93' lang='lat' dir='ltr'>tanti</span> <span class='ocrx_word' id='word_1_363' title='bbox 1692 3462 1854 3525; x_wconf 91' lang='lat' dir='ltr'>habitam</span> <span class='ocrx_word' id='word_1_364' title='bbox 1873 3483 1937 3527; x_wconf 90' lang='lat' dir='ltr'>ex·</span> 
     </span>
     <span class='ocr_line' id='line_1_66' title="bbox 1101 3583 1936 3665; baseline 0.006 -20"><span class='ocrx_word' id='word_1_365' title='bbox 1101 3583 1309 3656; x_wconf 90' lang='lat' dir='ltr'>sibilaverit;</span> <span class='ocrx_word' id='word_1_366' title='bbox 1334 3584 1525 3665; x_wconf 90' lang='lat' dir='ltr'>praecipue</span> <span class='ocrx_word' id='word_1_367' title='bbox 1549 3603 1644 3664; x_wconf 88' lang='lat' dir='ltr'>vero,</span> <span class='ocrx_word' id='word_1_368' title='bbox 1669 3587 1764 3664; x_wconf 93' lang='lat' dir='ltr'>quod</span> <span class='ocrx_word' id='word_1_369' title='bbox 1790 3585 1936 3650; x_wconf 92' lang='lat' dir='ltr'>institu-</span> 
     </span>
     <span class='ocr_line' id='line_1_67' title="bbox 1100 3702 1937 3788; baseline 0.006 -21"><span class='ocrx_word' id='word_1_370' title='bbox 1100 3716 1174 3767; x_wconf 94' lang='lat' dir='ltr'>tum</span> <span class='ocrx_word' id='word_1_371' title='bbox 1190 3725 1210 3765; x_wconf 92' lang='lat' dir='ltr'>a</span> <span class='ocrx_word' id='word_1_372' title='bbox 1227 3702 1519 3767; x_wconf 89' lang='lat' dir='ltr'>Cluniacensibus</span> <span class='ocrx_word' id='word_1_373' title='bbox 1541 3704 1644 3767; x_wconf 90' lang='lat' dir='ltr'>nimis</span> <span class='ocrx_word' id='word_1_374' title='bbox 1666 3706 1812 3788; x_wconf 88' lang='lat' dir='ltr'>longum</span> <span class='ocrx_word' id='word_1_375' title='bbox 1834 3709 1937 3772; x_wconf 92' lang='lat' dir='ltr'>chori</span> 
     </span>
     <span class='ocr_line' id='line_1_68' title="bbox 1101 3825 1939 3911; baseline 0.007 -23"><span class='ocrx_word' id='word_1_376' title='bbox 1101 3825 1254 3889; x_wconf 86' lang='lat' dir='ltr'>officium</span> <span class='ocrx_word' id='word_1_377' title='bbox 1283 3837 1405 3888; x_wconf 89' lang='lat' dir='ltr'>contra</span> <span class='ocrx_word' id='word_1_378' title='bbox 1437 3836 1472 3888; x_wconf 91' lang='lat' dir='ltr'>et</span> <span class='ocrx_word' id='word_1_379' title='bbox 1503 3847 1610 3907; x_wconf 90' lang='lat' dir='ltr'>supra</span> <span class='ocrx_word' id='word_1_380' title='bbox 1645 3829 1791 3910; x_wconf 89' lang='lat' dir='ltr'>regulae</span> <span class='ocrx_word' id='word_1_381' title='bbox 1828 3851 1939 3911; x_wconf 89' lang='lat' dir='ltr'>prae·</span> 
     </span>
     <span class='ocr_line' id='line_1_69' title="bbox 1100 3928 1937 4028; baseline 0.008 -18"><span class='ocrx_word' id='word_1_382' title='bbox 1100 3958 1252 4028; x_wconf 90' lang='lat' dir='ltr'>ceptum,</span> <span class='ocrx_word' id='word_1_383' title='bbox 1276 3958 1350 4009; x_wconf 91' lang='lat' dir='ltr'>tum</span> <span class='ocrx_word' id='word_1_384' title='bbox 1373 3928 1665 4011; x_wconf 89' lang='lat' dir='ltr'>monasteriorum</span> <span class='ocrx_word' id='word_1_385' title='bbox 1689 3951 1937 4016; x_wconf 89' lang='lat' dir='ltr'>aemulatione</span> 
     </span>
     <span class='ocr_line' id='line_1_70' title="bbox 1099 4072 1937 4152; baseline 0.007 -19"><span class='ocrx_word' id='word_1_386' title='bbox 1099 4091 1169 4133; x_wconf 94' lang='lat' dir='ltr'>non</span> <span class='ocrx_word' id='word_1_387' title='bbox 1189 4072 1275 4134; x_wconf 87' lang='lat' dir='ltr'>satis</span> <span class='ocrx_word' id='word_1_388' title='bbox 1299 4072 1479 4152; x_wconf 90' lang='lat' dir='ltr'>prudenti,</span> <span class='ocrx_word' id='word_1_389' title='bbox 1504 4081 1577 4133; x_wconf 89' lang='lat' dir='ltr'>turn</span> <span class='ocrx_word' id='word_1_390' title='bbox 1599 4072 1832 4135; x_wconf 89' lang='lat' dir='ltr'>saecularium</span> <span class='ocrx_word' id='word_1_391' title='bbox 1858 4095 1937 4138; x_wconf 91' lang='lat' dir='ltr'>am·</span> 
     </span>
     <span class='ocr_line' id='line_1_71' title="bbox 1098 4193 1936 4277; baseline 0.008 -23"><span class='ocrx_word' id='word_1_392' title='bbox 1098 4193 1232 4255; x_wconf 92' lang='lat' dir='ltr'>bitione</span> <span class='ocrx_word' id='word_1_393' title='bbox 1246 4203 1281 4255; x_wconf 91' lang='lat' dir='ltr'>et</span> <span class='ocrx_word' id='word_1_394' title='bbox 1293 4195 1542 4256; x_wconf 92' lang='lat' dir='ltr'>monachorum</span> <span class='ocrx_word' id='word_1_395' title='bbox 1556 4194 1706 4256; x_wconf 89' lang='lat' dir='ltr'>avaritia</span> <span class='ocrx_word' id='word_1_396' title='bbox 1717 4195 1835 4257; x_wconf 90' lang='lat' dir='ltr'>ubivis</span> <span class='ocrx_word' id='word_1_397' title='bbox 1848 4216 1936 4277; x_wconf 89' lang='lat' dir='ltr'>pro-</span> 
     </span>
     <span class='ocr_line' id='line_1_72' title="bbox 1098 4315 1932 4398; baseline 0.006 -22"><span class='ocrx_word' id='word_1_398' title='bbox 1098 4324 1268 4398; x_wconf 88' lang='lat' dir='ltr'>pagatum</span> <span class='ocrx_word' id='word_1_399' title='bbox 1299 4315 1408 4377; x_wconf 88' lang='lat' dir='ltr'>fuisse</span> <span class='ocrx_word' id='word_1_400' title='bbox 1440 4315 1607 4397; x_wconf 91' lang='lat' dir='ltr'>voluerit,</span> <span class='ocrx_word' id='word_1_401' title='bbox 1639 4316 1810 4396; x_wconf 91' lang='lat' dir='ltr'>variaque</span> <span class='ocrx_word' id='word_1_402' title='bbox 1842 4318 1932 4382; x_wconf 90' lang='lat' dir='ltr'>inde</span> 
     </span>
     <span class='ocr_line' id='line_1_73' title="bbox 1097 4436 1932 4520; baseline 0.006 -22"><span class='ocrx_word' id='word_1_403' title='bbox 1097 4436 1309 4520; x_wconf 90' lang='lat' dir='ltr'>profluxisse</span> <span class='ocrx_word' id='word_1_404' title='bbox 1346 4438 1584 4519; x_wconf 88' lang='lat' dir='ltr'>incommoda,</span> <span class='ocrx_word' id='word_1_405' title='bbox 1623 4437 1757 4500; x_wconf 90' lang='lat' dir='ltr'>scilicet</span> <span class='ocrx_word' id='word_1_406' title='bbox 1792 4440 1932 4503; x_wconf 88' lang='lat' dir='ltr'>nullam</span> 
     </span>
     <span class='ocr_line' id='line_1_74' title="bbox 1097 4559 1932 4640; baseline 0.005 -18"><span class='ocrx_word' id='word_1_407' title='bbox 1097 4560 1224 4622; x_wconf 90' lang='lat' dir='ltr'>mentis</span> <span class='ocrx_word' id='word_1_408' title='bbox 1253 4580 1331 4622; x_wconf 89' lang='lat' dir='ltr'>cum</span> <span class='ocrx_word' id='word_1_409' title='bbox 1357 4578 1446 4622; x_wconf 86' lang='lat' dir='ltr'>voce</span> <span class='ocrx_word' id='word_1_410' title='bbox 1474 4559 1714 4640; x_wconf 89' lang='lat' dir='ltr'>concordiam,</span> <span class='ocrx_word' id='word_1_411' title='bbox 1741 4559 1932 4626; x_wconf 83' lang='lat' dir='ltr'>fastidium</span> 
     </span>
     <span class='ocr_line' id='line_1_75' title="bbox 1096 4681 1931 4764; baseline 0.005 -20"><span class='ocrx_word' id='word_1_412' title='bbox 1096 4681 1276 4764; x_wconf 91' lang='lat' dir='ltr'>orationis,</span> <span class='ocrx_word' id='word_1_413' title='bbox 1301 4681 1594 4743; x_wconf 89' lang='lat' dir='ltr'>intermissionem</span> <span class='ocrx_word' id='word_1_414' title='bbox 1611 4681 1742 4743; x_wconf 92' lang='lat' dir='ltr'>laboris</span> <span class='ocrx_word' id='word_1_415' title='bbox 1758 4702 1931 4747; x_wconf 90' lang='lat' dir='ltr'>manuum</span> 
     </span>
     <span class='ocr_line' id='line_1_76' title="bbox 1096 4803 1931 4885; baseline 0.002 -18"><span class='ocrx_word' id='word_1_416' title='bbox 1096 4815 1131 4867; x_wconf 92' lang='lat' dir='ltr'>et</span> <span class='ocrx_word' id='word_1_417' title='bbox 1156 4804 1362 4884; x_wconf 92' lang='lat' dir='ltr'>studiorum,</span> <span class='ocrx_word' id='word_1_418' title='bbox 1392 4804 1450 4865; x_wconf 92' lang='lat' dir='ltr'>ubi</span> <span class='ocrx_word' id='word_1_419' title='bbox 1478 4804 1580 4865; x_wconf 92' lang='lat' dir='ltr'>nimis</span> <span class='ocrx_word' id='word_1_420' title='bbox 1607 4803 1717 4865; x_wconf 92' lang='lat' dir='ltr'>libere</span> <span class='ocrx_word' id='word_1_421' title='bbox 1740 4804 1931 4885; x_wconf 85' lang='lat' dir='ltr'>adposuit:</span> 
     </span>
     <span class='ocr_line' id='line_1_77' title="bbox 1096 4924 1931 5006; baseline 0.002 -18"><span class='ocrx_word' id='word_1_422' title='bbox 1096 4924 1152 4988; x_wconf 94' lang='lat' dir='ltr'>Ob</span> <span class='ocrx_word' id='word_1_423' title='bbox 1173 4946 1299 5006; x_wconf 88' lang='lat' dir='ltr'>preces</span> <span class='ocrx_word' id='word_1_424' title='bbox 1320 4926 1462 4988; x_wconf 90' lang='lat' dir='ltr'>minime</span> <span class='ocrx_word' id='word_1_425' title='bbox 1483 4928 1595 4987; x_wconf 89' lang='lat' dir='ltr'>bonas</span> <span class='ocrx_word' id='word_1_426' title='bbox 1620 4925 1821 4989; x_wconf 90' lang='lat' dir='ltr'>intermissa</span> <span class='ocrx_word' id='word_1_427' title='bbox 1845 4947 1931 4990; x_wconf 90' lang='lat' dir='ltr'>esse</span> 
     </span>
     <span class='ocr_line' id='line_1_78' title="bbox 1094 5047 1931 5128; baseline 0.002 -18"><span class='ocrx_word' id='word_1_428' title='bbox 1094 5051 1265 5110; x_wconf 91' lang='lat' dir='ltr'>bonarum</span> <span class='ocrx_word' id='word_1_429' title='bbox 1282 5047 1477 5110; x_wconf 90' lang='lat' dir='ltr'>litterarum</span> <span class='ocrx_word' id='word_1_430' title='bbox 1495 5048 1621 5110; x_wconf 93' lang='lat' dir='ltr'>studia.</span> <span class='ocrx_word' id='word_1_431' title='bbox 1647 5047 1765 5128; x_wconf 80' lang='lat' dir='ltr'>Quare</span> <span class='ocrx_word' id='word_1_432' title='bbox 1778 5047 1931 5113; x_wconf 91' lang='lat' dir='ltr'>Parisiis</span> 
     </span>
     <span class='ocr_line' id='line_1_79' title="bbox 1095 5170 1927 5252; baseline 0.004 -20"><span class='ocrx_word' id='word_1_433' title='bbox 1095 5173 1236 5233; x_wconf 90' lang='lat' dir='ltr'>domum</span> <span class='ocrx_word' id='word_1_434' title='bbox 1264 5181 1462 5252; x_wconf 90' lang='lat' dir='ltr'>revocatus,</span> <span class='ocrx_word' id='word_1_435' title='bbox 1490 5170 1684 5251; x_wconf 90' lang='lat' dir='ltr'>praemium</span> <span class='ocrx_word' id='word_1_436' title='bbox 1712 5171 1844 5233; x_wconf 91' lang='lat' dir='ltr'>laboris</span> <span class='ocrx_word' id='word_1_437' title='bbox 1871 5172 1927 5235; x_wconf 91' lang='lat' dir='ltr'>in-</span> 
     </span>
     <span class='ocr_line' id='line_1_80' title="bbox 1095 5292 1924 5375; baseline 0.001 -20"><span class='ocrx_word' id='word_1_438' title='bbox 1095 5302 1343 5375; x_wconf 90' lang='lat' dir='ltr'>exspectatum</span> <span class='ocrx_word' id='word_1_439' title='bbox 1367 5292 1461 5375; x_wconf 91' lang='lat' dir='ltr'>tulit,</span> <span class='ocrx_word' id='word_1_440' title='bbox 1492 5295 1537 5356; x_wconf 90' lang='lat' dir='ltr'>ad</span> <span class='ocrx_word' id='word_1_441' title='bbox 1560 5293 1706 5355; x_wconf 92' lang='lat' dir='ltr'>Latinas</span> <span class='ocrx_word' id='word_1_442' title='bbox 1733 5312 1924 5373; x_wconf 90' lang='lat' dir='ltr'>puerorum</span> 
     </span>
     <span class='ocr_line' id='line_1_81' title="bbox 1094 5414 1927 5496; baseline 0 -19"><span class='ocrx_word' id='word_1_443' title='bbox 1094 5416 1233 5477; x_wconf 91' lang='lat' dir='ltr'>scholas</span> <span class='ocrx_word' id='word_1_444' title='bbox 1270 5435 1348 5477; x_wconf 92' lang='lat' dir='ltr'>cum</span> <span class='ocrx_word' id='word_1_445' title='bbox 1383 5414 1486 5476; x_wconf 93' lang='lat' dir='ltr'>titulo</span> <span class='ocrx_word' id='word_1_446' title='bbox 1523 5414 1766 5496; x_wconf 89' lang='lat' dir='ltr'>praeceptoris</span> <span class='ocrx_word' id='word_1_447' title='bbox 1806 5416 1927 5477; x_wconf 90' lang='lat' dir='ltr'>denuo</span> 
     </span>
    </p>
   </div>
   <div class='ocr_carea' id='block_1_8' title="bbox 0 0 2130 6112">
    <p class='ocr_par' dir='ltr' id='par_1_8' title="bbox 0 0 2130 6112">
     <span class='ocr_line' id='line_1_82' title="bbox 0 0 2130 6112; baseline 0 4"><span class='ocrx_word' id='word_1_448' title='bbox 0 0 2130 6112; x_wconf 95' lang='lat' dir='ltr'> </span> 
     </span>
    </p>
   </div>
  </div>
 </body>
</html>
