4222 6106
852 510 895 520 —
939 473 1080 535 XLVII
1124 510 1166 518 —

267 702 380 764 Aliud
415 721 557 783 quoque
591 703 659 764 hoc
695 707 857 780 tempore
892 697 1021 762 evenit.
1067 696 1155 760 Cum
1190 715 1280 778 pace
1314 696 1407 759 inter
1436 697 1648 759 Austriacos
1682 708 1718 760 et
1751 695 1875 760 Gallos

133 839 233 902 facta
249 841 463 922 Tergestum
486 838 522 901 in
546 836 729 901 Gallorum
753 837 928 900 dicionem
952 835 1110 898 venisset
1133 835 1305 918 regnique
1322 834 1453 917 Illyrici
1479 844 1588 916 caput
1608 835 1742 899 facturn
1766 847 1873 917 esset,

135 980 172 1041 in
195 979 488 1042 Mechitharistas
512 976 633 1040 durius
657 977 943 1040 animadversum
967 985 1032 1039 est.
1070 975 1218 1038 Frustra
1241 974 1454 1037 Adeodatus
1478 976 1591 1036 abbas
1614 977 1706 1038 bene
1729 974 1875 1038 meritus

137 1115 302 1196 quamvis
325 1124 510 1179 senectute
533 1117 657 1178 tardus
680 1116 727 1178 ad
749 1113 949 1196 Eugenium
973 1112 1227 1193 Beauharnais,
1258 1111 1354 1194 regis
1383 1110 1563 1194 vicarium,
1594 1112 1766 1177 Milanum
1796 1132 1876 1193 pro-

136 1254 255 1317 fectus
277 1274 343 1336 pro
366 1254 536 1317 fratribus
559 1273 662 1317 omne
687 1252 842 1316 studium
874 1249 1001 1313 officiis
1029 1250 1104 1313 suis
1132 1249 1299 1313 dantibus
1328 1252 1607 1333 deprecabatur,
1638 1251 1770 1315 frustra
1793 1252 1873 1316 Ari-

138 1404 267 1476 staces,
292 1394 352 1476 qui
375 1401 502 1476 postea
524 1392 642 1456 factus
665 1402 720 1454 est
743 1393 866 1472 abbas,
891 1390 968 1453 iura
994 1389 1283 1471 congregationis
1305 1391 1351 1451 ab
1367 1390 1580 1454 adversariis
1596 1391 1737 1455 fortiter
1755 1392 1876 1456 defen-

139 1534 259 1605 derat;
283 1534 379 1594 bona
402 1551 523 1594 eorum
546 1531 738 1612 publicata,
762 1529 945 1592 monachis
969 1528 1041 1608 vix,
1066 1548 1158 1611 quae
1181 1530 1228 1591 ad
1251 1528 1384 1590 victum
1408 1540 1490 1594 sunt
1512 1531 1727 1612 necessaria,
1751 1532 1876 1595 relicta

139 1680 232 1734 sunt.
270 1669 408 1751 Quibus
431 1669 466 1732 in
490 1669 666 1751 angustiis
688 1668 750 1732 filii
773 1667 1006 1731 Mechitharis
1022 1667 1271 1729 Vindobonam
1295 1666 1540 1749 confugerunt.
1571 1668 1626 1732 Ibi
1646 1690 1668 1731 a
1684 1670 1876 1734 Francisco

138 1809 356 1890 imperatore
387 1816 424 1870 et
454 1808 581 1871 comite
611 1809 655 1871 de
678 1807 898 1869 Hohenwart
927 1805 1196 1887 archiepiscopo
1228 1805 1423 1868 liberaliter
1450 1806 1594 1886 excepti
1624 1808 1877 1870 monasterium

139 1967 166 2010 s.
192 1944 354 2009 Udalrici
376 1945 412 2008 in
435 1944 606 2008 suburbio
623 1944 814 2025 Iosephino
830 1964 852 2005 a
868 1942 1060 2025 Capucinis
1083 1953 1189 2006 antea
1211 1953 1424 2025 occupatum
1446 1949 1521 2007 1811
1542 1946 1635 2008 dono
1650 1959 1877 2027 acceperunt.

140 2085 322 2147 Fortunae
347 2103 489 2166 quoque
513 2092 620 2146 antea
642 2084 833 2146 admodum
857 2091 983 2144 tenues
1007 2091 1134 2145 auctae
1158 2091 1249 2162 sunt,
1281 2101 1360 2143 cum
1383 2082 1597 2164 Tergestum
1628 2083 1671 2146 iis
1698 2084 1876 2148 redditum

140 2233 249 2285 esset.
282 2223 379 2285 Ante
402 2222 520 2284 omnia
543 2240 629 2284 vero
651 2223 741 2283 haec
765 2219 998 2302 congregatio
1019 2217 1145 2281 florere
1167 2219 1295 2301 coepit,
1319 2230 1510 2301 postquam
1526 2222 1718 2286 Adeodato
1741 2232 1879 2286 mortuo

140 2364 187 2424 ad
212 2360 418 2424 Aristacem
443 2359 605 2452 dignitas
623 2358 815 2422 abbatialis
839 2360 959 2421 delata
983 2360 1087 2437 est1).

272 2499 439 2581 Denique
474 2518 544 2561 non
578 2498 934 2580 praetermittendum
970 2496 1111 2559 videtur
1144 2516 1242 2577 esse,
1277 2497 1561 2579 praeposituram
1592 2498 1880 2581 Raigradensem

141 2637 360 2701 monasterio
384 2637 642 2700 Bievnoviensi
673 2636 853 2699 subditam
885 2639 964 2698 1812
996 2637 1219 2716 adprobante
1250 2635 1463 2717 imperatore
1496 2637 1678 2699 abbatiam
1710 2637 1765 2700 sui
1794 2638 1882 2701 iuris

140 2778 276 2840 factam
296 2796 386 2859 esse,
410 2776 510 2840 cuius
525 2749 660 2858 primus
676 2776 789 2837 abbas
806 2774 1034 2856 Augustinus
1050 2774 1156 2837 Koch
1172 2774 1457 2856 Raigradiensis‚
1477 2774 1673 2837 litterarum
1689 2775 1881 2857 professor,

142 2916 281 2980 electus
307 2925 363 2979 est
377 2917 412 2996 2).

249 3053 324 3118 Sed
352 3063 473 3117 tamen
499 3055 693 3117 monachos
725 3052 971 3135 proscribendi
1003 3053 1159 3116 nondum
1188 3050 1269 3115 finis
1301 3060 1356 3114 est
1385 3051 1513 3116 factus.
1555 3056 1637 3114 1810
1667 3071 1732 3132 per
1761 3053 1884 3115 Fride·

141 3192 255 3255 ricum
281 3191 507 3255 Guilielmum
523 3192 597 3273 111„
614 3192 849 3254 Borussorum
873 3210 1006 3274 regem,
1019 3190 1310 3271 Wahlstadtium,
1329 3189 1578 3271 praepositura
1593 3192 1882 3272 Braunaviensis,

144 3330 356 3393 dissolutum
382 3330 530 3411 eiusque
553 3330 798 3411 possessiones
821 3329 996 3412 neglectis
1019 3328 1206 3391 Fortunati
1228 3328 1370 3391 abbatis
1386 3328 1664 3392 Braunaviensis
1687 3329 1884 3393 rationibus

143 3470 353 3551 publicatae
386 3478 468 3532 sunt
480 3432 524 3548 ³).'
562 3468 677 3532 Maior
707 3488 793 3531 vero
825 3469 946 3531 clades
978 3466 1111 3530 ordinis
1142 3477 1219 3530 erat
1248 3466 1284 3528 in
1317 3466 1535 3551 Salisburgo,
1572 3465 1668 3549 quod
1699 3468 1768 3530 iam
1804 3472 1882 3530 1802

143 3608 314 3670 libertate
338 3568 501 3670 orbatum
525 3617 612 3688 erat,
636 3626 679 3669 ac
702 3605 810 3668 Tiroli
835 3614 871 3667 et
888 3605 1152 3688 Vorarlbergio.
1192 3604 1293 3686 Quae
1316 3614 1432 3668 terrae
1455 3624 1546 3687 pace
1569 3605 1715 3668 Posonii
1738 3605 1825 3669 inita
1847 3605 1885 3668 in

145 3746 371 3808 Bavarorum
394 3744 569 3807 dicionem
593 3746 760 3808 redactae
785 3756 897 3825 erant,
929 3745 988 3825 qui
1019 3755 1103 3807 tunc
1127 3744 1276 3825 imperio
1298 3743 1544 3828 Montgelasii,
1577 3743 1726 3807 ministri
1757 3753 1794 3808 et
1824 3746 1886 3807 ad-

146 3885 272 3947 iutoris
297 3883 523 3947 consiliorum
546 3883 652 3966 regis,
676 3886 862 3966 parebant.
895 3884 965 3947 Hic
986 3883 1058 3946 iam
1087 3888 1166 3946 1803
1191 3883 1308 3946 omnia
1325 3882 1501 3946 Bavariae
1524 3883 1749 3966 monasteria,
1772 3884 1809 3947 in
1832 3884 1886 3946 his

145 4022 414 4105 antiquissimas
448 4023 613 4085 abbatias
646 4023 745 4086 velut
776 4022 1009 4104 Mettensem‚
1047 4022 1283 4085 Altahensem
1313 4022 1535 4104 Inferiorem,
1566 4023 1885 4105 Tegernseensem,

144 4162 367 4241 Rotensem‚
390 4160 701 4241 Andechsensem‚
725 4160 1072 4223 Wessobrunensem
1102 4169 1138 4223 et
1161 4160 1250 4224 alias
1274 4169 1455 4242 tamquam
1479 4180 1500 4223 a
1523 4170 1721 4241 temporum
1749 4161 1887 4224 ratione

144 4309 184 4361 et
206 4309 337 4362 natura
359 4298 587 4361 abhorrentia
617 4299 833 4364 aboleverat.
885 4302 962 4377 1807
996 4299 1104 4362 etiam
1132 4299 1168 4361 in
1192 4299 1301 4362 Tiroli
1330 4300 1554 4363 monasteriis
1581 4299 1715 4362 Montis
1739 4299 1887 4382 Georgii

144 4436 347 4518 (Fiechtio)‚
371 4435 710 4518 Mariae-MontanO,
739 4436 977 4519 Saebenensi‚
1007 4437 1149 4519 Augiae
1173 4436 1296 4499 maiori
1320 4439 1472 4500 eundem
1494 4437 1675 4501 interitum
1699 4440 1841 4520 paravit
1855 4442 1887 4521 ⁴).

143 4576 351 4640 Crudeliter
373 4575 423 4637 ibi
446 4576 482 4638 in
505 4576 697 4638 monachos
721 4577 931 4639 consultum.
963 4576 1178 4639 Procurator
1201 4577 1245 4638 de
1261 4575 1471 4639 Hofstetten
1495 4585 1602 4638 noctu
1625 4576 1754 4639 ostium
1778 4576 1888 4639 domi-

142 4714 230 4796 cilii,
256 4714 355 4795 quod
383 4732 464 4792 1724
487 4713 651 4776 monachi
672 4712 988 4776 Mariae-Montani
1011 4678 1162 4776 Meranii
1187 4713 1429 4796 condiderant,
1453 4713 1620 4796 pulsavit,
1644 4713 1887 4776 Benedictinis

141 4873 193 4915 ex
229 4871 355 4914 somno
392 4850 520 4913 excitis
556 4851 825 4914 dissolutionem
860 4851 1066 4914 monasterii
1100 4851 1220 4914 verbis
1255 4854 1393 4933 asperis
1432 4851 1655 4915 denuntiavit
1692 4861 1728 4913 et
1763 4851 1888 4913 timore

283 5087 305 5167 ¹)
330 5090 453 5157 Hurter,
478 5087 583 5145 Leben
607 5088 662 5145 des
685 5089 842 5146 Aristaces
866 5089 984 5145 Azaria.

282 5199 304 5281 ²)
328 5201 504 5257 Chronicon
526 5201 762 5258 Blevnoviense.

281 5312 307 5393 ³)
331 5312 516 5371 oesehrehte
540 5333 600 5370 von
616 5291 730 5370 'Fiecht
754 5314 812 5369 und
837 5314 944 5388 agger
967 5313 984 5369 1.
1010 5333 1035 5370 e.
1060 5314 1112 5369 111.

281 5425 306 5505 ⁴)
330 5426 514 5484 Geschichte
536 5446 598 5485 von
621 5426 727 5483 Fiecht
751 5426 810 5482 und
833 5426 947 5502 Egger.
984 5425 1071 5482 Tirol
1095 5427 1113 5482 l.
1138 5445 1164 5482 c.
1188 5426 1240 5481 111.
