4252 6112
921 453 1200 521 „244-

192 645 356 699 votorum
380 657 418 700 se
442 639 634 701 obstrinxit
661 639 718 701 die
744 642 794 702 26.
815 638 904 718 Apr.
930 640 1020 715 1767.

192 757 265 820 Vix
282 759 339 820 die
357 780 407 822 22.
426 759 526 841 Sept.
547 780 628 839 1770
645 761 812 823 sacerdos
833 759 1021 841 inaugura-

192 889 250 942 tus
277 881 348 962 jam
376 884 422 944 ad
450 883 577 945 altiora
604 903 749 946 munera
775 894 925 945 vocatus
955 893 1019 945 est.

192 1002 370 1084 Tempore
387 1002 546 1067 Gallicae
563 1005 756 1068 invasionis
776 1026 846 1087 qua
863 1006 1020 1067 decanus

197 1130 278 1205 1798
300 1125 335 1188 in
358 1124 584 1190 Germaniam
610 1130 819 1210 deportatus
840 1137 904 1190 est.
933 1127 1021 1190 Post

192 1246 372 1310 biennium
395 1248 430 1310 in
450 1249 654 1312 Helvetiam
677 1269 841 1312 reversus
864 1249 962 1331 prius
986 1248 1021 1310 in

192 1369 362 1450 parochia
378 1370 565 1453 Homburg
581 1371 732 1434 salutem
753 1371 947 1432 animarum
964 1389 1021 1432 co·

193 1490 267 1572 luit,
285 1492 396 1554 donec
418 1497 496 1554 1802
516 1494 561 1554 ad
576 1493 698 1555 Muros
719 1492 932 1574 perveniens
948 1512 1021 1554 rur-

193 1631 270 1674 sum
288 1613 414 1675 decani
432 1612 585 1676 officium
602 1614 717 1696 gessit
736 1634 849 1696 usque
865 1614 911 1675 ad
928 1613 1021 1675 diem

195 1752 244 1818 27.
259 1732 362 1797 Febr.
385 1738 476 1816 1810,
495 1755 565 1816 qua
581 1756 602 1797 a
619 1736 774 1817 capitulo
790 1737 903 1797 abbas
920 1734 1020 1817 eligi-

193 1864 258 1918 tur.
293 1856 382 1918 Post
409 1876 474 1918 sex
500 1877 612 1919 annos
639 1857 821 1939 regiminis
848 1856 936 1918 obiit
964 1856 1021 1918 die

192 1983 222 2041 3.
239 1977 318 2041 Oct.
342 1982 432 2040 1816.

278 2098 480 2181 Supersunt
497 2120 543 2162 ex
560 2101 635 2181 ejus
652 2101 808 2182 scriptis:

279 2226 301 2281 1.
327 2225 595 2283 ConsideratIones
618 2229 687 2302 piae
707 2244 763 2301 pro
785 2224 1021 2282 deliberantibus

192 2329 326 2386 decerto
340 2332 419 2386 vitae
431 2343 521 2396 statu,
535 2344 578 2386 et:
592 2329 730 2386 Gewisse
744 2329 955 2404 Grundregeln
967 2329 1021 2386 des

192 2434 370 2508 geistlichen
383 2433 513 2491 Lebens.
531 2441 573 2506 4⁰.
591 2449 633 2507 40
646 2454 674 2510 p.
689 2436 717 2494 111
729 2433 801 2491 bibl.
816 2433 1020 2491 Muto-Gries

192 2537 268 2595 Cod.
287 2554 315 2595 2.
334 2553 384 2610 ²3·
859 2515 861 2520 ’

278 2643 315 2698 ΙΙ.
338 2643 451 2699 Monita
472 2645 500 2698 in
522 2642 653 2718 capitulo
670 2640 785 2709 habita,
811 2660 967 2698 sermones
992 2655 1021 2698 et

192 2746 418 2803 exhortationes
434 2749 545 2815 variae,
562 2746 633 2804 ibid.
652 2746 726 2803 Cod.
749 2763 773 2803 1.
796 2761 864 2802 111.

278 2851 455 2920 1111111111,
470 2851 769 2927 Correspondenzen‚
783 2853 812 2907 in
826 2850 908 2907 arch.
919 2851 1020 2906 Muro-

196 2955 294 3012 Gries.
311 2955 348 3012 A.
365 2956 417 3010 III.
436 2956 486 3012 IV.
503 2955 583 3011 VIII.

280 3100 551 3174 Kodermann
591 3110 855 3175 Coelestinus
899 3112 1020 3194 (Lam-

194 3229 407 3312 bertinus),
432 3240 536 3292 natus
557 3241 612 3293 est
635 3230 670 3292 in
690 3230 847 3292 Laibach
872 3229 1021 3293 Carniae

196 3357 245 3416 25.
256 3353 359 3415 Febr.
375 3356 465 3415 1816.
481 3353 695 3415 Monachum
704 3352 818 3416 induit
827 3354 872 3415 ad
882 3373 908 3415 s.
918 3353 1020 3415 Lam·

194 3476 333 3538 bertum
354 3475 388 3536 in
406 3472 526 3556 Styria
547 3479 576 3536 8.
594 3473 693 3555 Sept.
719 3479 809 3537 1838.
834 3476 1021 3538 Absolutis

195 3597 321 3660 studiis
338 3596 547 3678 theologicis
560 3596 694 3659 Labaci
707 3606 743 3659 et
759 3597 793 3658 in
808 3598 1022 3661 monasterio

194 3718 431 3781 Admontensi
453 3718 635 3799 professus
657 3729 712 3781 est
732 3726 816 3780 vota
838 3719 1022 3781 sollemnia

199 3842 330 3905 161111.
357 3845 438 3918 1840
462 3850 498 3903 et
522 3849 708 3922 neomysta
731 3841 831 3904 stetit
854 3842 900 3903 ad
925 3862 1021 3903 aram

196 3966 223 4023 8.
237 3964 332 4044 Aug.
349 3962 507 4023 eiusdem
519 3962 611 4024 anni.
636 3961 764 4024 Tribus
777 3962 953 4043 prioribus
966 3983 1020 4024 sa-

195 4083 342 4146 cerdotii
377 4083 478 4144 annis
513 4083 548 4144 in
579 4083 793 4145 monasterio
827 4086 1018 4148 transactis

194 4215 460 4286 cooperatorem
477 4204 547 4282 egit
562 4206 597 4267 in
613 4205 728 4268 Maria
744 4205 822 4268 Hof
837 4211 1015 4287 1843-51,

196 4329 309 4389 donec
324 4338 513 4388 revocatus
529 4337 583 4389 est
601 4328 751 4408 domum,
775 4338 814 4390 ut
833 4329 1019 4391 bibliothe-

194 4470 271 4513 cam
293 4449 497 4511 monasterii
520 4449 555 4511 in
578 4450 757 4512 meliorem
784 4451 941 4513 ordinem
966 4472 1019 4514 re-

193 4572 350 4654 digeret,
378 4571 550 4651 simulque
575 4591 733 4633 museum
760 4592 890 4634 novum
917 4581 1017 4635 natu·

190 4695 263 4756 rale
280 4703 517 4773 componeret.
543 4693 680 4774 Quibus
698 4695 902 4758 muneribus
923 4696 1017 4757 omni

191 4836 270 4879 cum
300 4816 405 4878 laude
441 4815 614 4878 absolutis
645 4818 751 4879 rebus
781 4817 1016 4879 oeconomicis

189 4937 394 5021 praefectus
425 4948 494 5019 est,
523 4937 637 5019 iisque
659 4939 841 5019 hucusque
862 4949 1015 5020 praeest.

189 5061 325 5123 Edidit:

276 5188 298 5244 I.
323 5187 380 5243 Die
402 5187 495 5244 Kafer
515 5186 569 5243 der
589 5185 633 5244 St.
651 5185 870 5244 Lambrechter
890 5186 1017 5262 Gegend

190 5292 219 5345 in
233 5289 506 5348 Obersteiermark.
524 5288 553 5365 (i.
567 5310 593 5348 e.
607 5289 771 5348 Scarabaei
784 5294 917 5367 regionis
927 5293 1018 5348 Lam·

190 5392 325 5450 bertinae
337 5397 366 5450 in
380 5394 481 5471 Styria
493 5393 663 5474 superiori.)
679 5396 712 5451 In
724 5396 952 5471 Mittheilungen
965 5396 1029 5452 des·

1101 639 1500 698 naturwissenschaltlichen
1512 642 1660 699 Vereines
1673 642 1721 698 fur
1734 640 1933 709 Steiermark‚

1100 758 1130 816 3.
1148 744 1220 801 Hest
1236 741 1328 823 (Graz
1349 743 1450 824 1865),
1467 765 1496 822 p.
1511 745 1675 820 89—123;
1693 746 1810 804 ebenso
1824 763 1854 819 4.
1865 746 1937 804 Hest

1100 844 1191 925 (Graz
1213 847 1303 927 1867)
1319 868 1349 924 p.
1366 847 1493 923 32—67
1511 850 1570 906 und
1587 866 1617 924 5.
1631 852 1704 908 Hest
1721 847 1816 928 (Graz
1834 849 1934 931 1868),

1100 972 1129 1028 p.
1148 951 1286 1026 56-60.
1369 993 1372 1001 ,

1187 1058 1224 1114 II.
1242 1058 1299 1113 Die
1316 1056 1569 1134 Schmetterlinge
1585 1060 1640 1116 der
1655 1057 1700 1116 St.
1715 1058 1935 1117 Lambrechter

1100 1160 1229 1235 Gegend
1246 1164 1274 1217 in
1291 1161 1564 1220 Obersteiermark.
1588 1161 1618 1243 (i.
1641 1183 1667 1221 e.
1690 1164 1868 1240 Papiliones
1888 1184 1934 1221 rc-

1100 1268 1200 1340 gionis
1216 1266 1429 1323 Lambertinae
1451 1269 1481 1323 in
1496 1266 1599 1343 Styria
1619 1265 1795 1347 superiori.)
1817 1269 1852 1325 In
1867 1270 1934 1326 Mit-

1102 1369 1274 1444 thcilungen
1287 1392 1314 1426 u.
1325 1390 1350 1426 s.
1360 1391 1397 1426 w.
1412 1386 1440 1444 5.
1451 1370 1524 1428 Hest
1537 1368 1628 1450 (Graz
1643 1370 1744 1451 1868),
1754 1392 1786 1449 p.
1796 1370 1932 1447 61-275.

1188 1488 1348 1570 Uterque
1373 1499 1547 1553 tractatus
1573 1491 1767 1572 separatim
1793 1510 1933 1573 quoque

1103 1610 1295 1692 impressus
1312 1621 1376 1675 est.

1188 1733 1339 1815 Insuper
1351 1755 1456 1815 quam
1469 1736 1637 1817 plurimos
1654 1738 1698 1798 de
1709 1738 1821 1799 rebus
1833 1755 1931 1799 oeco-

1101 1856 1248 1919 nomicis
1272 1866 1446 1921 tractatus
1471 1858 1758 1938 ephemeridibus
1783 1877 1931 1920 oecono-

1101 1978 1200 2040 micis
1216 1978 1372 2060 Inseruit,
1390 1980 1598 2060 praesertim
1615 1980 1692 2060 illis,
1707 1980 1839 2061 quibus
1851 1980 1930 2042 titu-

1100 2100 1172 2162 lus:
1203 2100 1511 2183 „Wochenschriit
1541 2103 1605 2163 der
1632 2101 1787 2166 steierm.
1816 2102 1930 2165 Land-

1100 2222 1591 2305 wirthschaftsgesellschaft“
1630 2234 1666 2285 et
1698 2222 1930 2306 „Steirischer

1100 2343 1318 2407 Landbote“.

1188 2457 1498 2553 Kssnigsberger
1532 2471 1776 2534 Fridericus
1812 2474 1928 2553 Joan-

1101 2586 1927 2672 nes'Baptista(Michaelburanus),natus

1101 2708 1315 2792 Salisburgi,
1345 2732 1395 2789 29.
1419 2712 1523 2774 Mart.
1557 2716 1647 2792 1813,
1677 2712 1767 2793 prof.
1799 2735 1823 2776 1.
1850 2714 1926 2778 Oct.

1106 2834 1194 2910 1848,
1212 2851 1282 2893 sac.
1302 2853 1326 2893 1.
1339 2832 1434 2914 Aug.
1453 2839 1542 2913 1849.
1565 2834 1700 2899 Studiis
1717 2836 1927 2918 theologicis

1100 2953 1273 3016 absolutis
1289 2965 1439 3017 vocatus
1456 2966 1510 3019 est
1526 2957 1561 3019 in
1577 2958 1804 3039 gymnasium
1820 2957 1926 3022 Salis·

1100 3075 1205 3157 burgi
1217 3077 1263 3137 ad
1280 3077 1476 3139 docendam
1492 3079 1676 3160 mathesin,
1694 3100 1766 3161 quo
1783 3101 1924 3144 munere

1100 3195 1316 3278 fungebatur
1331 3200 1377 3259 ab
1394 3219 1486 3261 anno
1508 3204 1584 3263 1851
1605 3221 1717 3282 usque
1733 3204 1780 3265 ad
1797 3224 1924 3267 annum

1105 3323 1194 3397 1876.
1223 3321 1293 3382 Per
1311 3340 1422 3383 annos
1437 3322 1564 3404 viginti
1581 3323 1786 3387 aedificavit
1804 3325 1840 3388 in
1856 3327 1923 3389 die·

1100 3443 1167 3503 bus
1192 3442 1376 3505 dominicis
1401 3443 1537 3506 animos
1561 3445 1727 3507 iuvenum
1750 3448 1921 3511 studioso-

1102 3583 1177 3625 rum
1190 3565 1506 3630 exhortationibus.
1524 3566 1679 3648 Tempus
1695 3571 1920 3633 recreationis

1102 3685 1274 3767 impendit
1301 3685 1368 3747 arti
1395 3687 1567 3770 apiariae,
1595 3689 1630 3750 in
1658 3710 1727 3770 qua
1751 3711 1822 3754 non
1846 3713 1919 3755 raro

1101 3809 1259 3870 alumnos
1281 3810 1481 3892 theologiae
1502 3811 1678 3876 instruxit.
1704 3815 1812 3878 Anno
1833 3822 1916 3897 1870,

1102 3931 1158 3993 die
1187 3935 1233 3994 16.
1259 3929 1358 4011 Sept.
1387 3934 1500 3994 abbas
1528 3935 1732 3997 monasterii
1756 3936 1918 4002 Michael-

1100 4054 1224 4114 burani
1253 4055 1400 4135 electus,
1441 4076 1465 4116 1.
1495 4054 1573 4118 Oct.
1604 4056 1847 4142 confirmatus,
1886 4073 1917 4123 et

1101 4195 1150 4253 29.
1182 4176 1339 4237 eiusdem
1372 4177 1503 4238 mensis
1536 4178 1753 4242 sollemniter
1779 4182 1918 4245 investi-

1098 4307 1155 4358 tus
1172 4308 1235 4358 est.

1184 4418 1479 4498 Ephemeridibus
1511 4419 1844 4504 Salisburgensibus
1873 4426 1920 4489 in·

1098 4540 1224 4603 seruit:

1183 4668 1437 4742 Meteorologicas
1446 4666 1675 4727 observationes
1685 4685 1716 4727 et
1726 4673 1919 4730 conlationes.

1182 4778 1426 4874 Kllrmendy
1469 4791 1667 4855 Camillus
1712 4796 1921 4861 Antonius

1098 4906 1159 4986 (de
1181 4927 1206 4968 5.
1224 4907 1362 4971 Monte
1386 4909 1647 4991 Pannoniae),
1672 4932 1726 4977 aa.
1743 4914 1778 4976 ll.
1795 4924 1832 4977 et
1849 4915 1922 4998 phi-

1096 5026 1280 5109 losophiae
1309 5030 1433 5093 doctor
1463 5031 1642 5095 facultatis
1673 5034 1799 5116 philos.
1833 5037 1869 5100 in
1896 5058 1921 5099 r.

1097 5149 1189 5210 univ.
1215 5150 1417 5213 Pestinensi
1441 5155 1660 5237 collegiatus,
1688 5156 1813 5239 Papae
1835 5178 1921 5222 com.

1097 5270 1301 5352 Veszprem.
1324 5274 1357 5336 in
1376 5275 1562 5358 Hungaria
1583 5277 1640 5339 die
1660 5283 1712 5341 31.
1729 5279 1817 5342 Μ111
1843 5284 1921 5343 1803

1097 5403 1211 5474 natus,
1233 5418 1259 5459 s.
1277 5397 1401 5459 habitu
1422 5399 1478 5460 die
1499 5403 1546 5462 15.
1565 5399 1643 5463 Oct.
1666 5404 1746 5479 1819
1767 5401 1923 5483 indutus,
