4222 6106
923 493 1202 561 -129-

230 676 414 756 constrictos,
444 674 621 757 epistulae
648 676 756 738 variis
784 677 818 738 in
846 678 954 740 rebus
982 690 1017 742 et
1055 742 1058 801 Ι
1097 670 1235 731 lusdux
1245 667 1569 752 Wlirtembergiae‚
1582 670 1641 753 qui
1651 674 1836 750 ann01783
1851 690 1931 733 cum

229 797 314 862 causis
325 798 366 860 ad
382 816 463 860 eum
480 798 636 879 scriptae
652 808 839 865 testantur.

288 919 493 982 hlonasterio
515 940 541 983 s.
558 921 680 1005 Blasii,
703 925 771 987 etsi
791 925 884 990 inter
903 946 1017 1010 opaca

226 1042 315 1126 nigrae
330 1042 443 1105 silvae
456 1063 611 1128 nemora,
628 1047 674 1108 ad
693 1067 785 1129 quae
798 1051 1017 1133 circumqua-

226 1185 274 1247 que
285 1163 426 1228 difficilis
447 1178 526 1229 erat
546 1187 723 1252 accessus
747 1171 817 1234 sito
836 1192 1017 1254 nunquam

223 1285 346 1367 hospites
369 1285 570 1353 defuerunt.
593 1290 782 1374 Nunquam
807 1313 893 1357 vero
917 1304 1017 1357 tanta

224 1407 298 1490 copia
313 1409 461 1472 aderant
481 1419 518 1473 et
537 1422 659 1476 tantae
683 1414 883 1498 dignitatis,
910 1436 1016 1499 quam

224 1529 270 1591 sub
277 1529 436 1612 regimine
449 1532 621 1616 principis
634 1535 779 1599 Martini
792 1537 847 1621 IL,
861 1539 920 1619 qui
932 1549 1017 1603 tunc

222 1648 247 1710 iu
257 1651 309 1714 viis
325 1654 370 1715 ab
385 1663 615 1718 antecessore
629 1655 817 1722 Meinrado
839 1661 961 1723 stratis
982 1672 1017 1724 et

208 1771 286 1863 ,bene
295 1743 424 1856 paratis
437 1775 578 1839 facilius
590 1779 812 1842 advenerunt
824 1782 954 1862 partim
965 1783 1017 1846 vi-

183 1958 189 1969 ,
218 1895 294 1957 sendi
309 1915 415 1959 causa
431 1909 579 1980 propter
593 1900 719 1964 mirum
735 1905 915 1985 templum,
937 1924 1016 1968 cum

216 2016 338 2079 maxime
353 2030 473 2082 autem
489 2031 528 2083 ut
541 2022 643 2084 suavi
659 2023 900 2088 familiaritate
913 2028 1017 2090 amici

212 2135 327 2201 abbatis
338 2141 389 2203 uti
401 2152 562 2222 possent.
579 2144 744 2208 Eminent
755 2145 849 2209 inter
859 2149 925 2212 hos
940 2170 1015 2213 car-

210 2255 317 2323 dinalis
331 2260 525 2346 Conradus,
547 2266 623 2328 eius
643 2266 755 2330 frater
770 2288 960 2351 germanus
982 2283 1017 2336 et

203 2372 230 2437 iu
245 2377 500 2447 Constantiensi
517 2386 727 2470 episcopatu
744 2410 929 2454 successor
940 2393 1017 2456 Ma-

196 2496 387 2568 ximilianus
399 2507 445 2569 de
453 2507 565 2589 Rodt,
579 2509 639 2590 qui
651 2521 801 2593 uterque
814 2533 892 2576 cum
905 2518 1016 2578 multo

191 2623 356 2688 nobilium
364 2629 536 2692 comitatu
549 2632 759 2707 advenerat3
773 2636 842 2698 duo
855 2637 1016 2721 episcopi

186 2737 216 2804 1'11
241 2765 290 2828 p,
308 2750 419 2813 nuntii
440 2752 630 2834 apostolici
647 2753 805 2837 Caprara
829 2769 865 2821 et
888 2759 1015 2843 Bosca,

183 2865 290 2943 prior
307 2871 350 2933 ad
369 2870 560 2937 Helvetiae
581 2895 707 2959 pagos,
731 2878 776 2940 ad
797 2879 915 2962 Belgii
936 2901 1016 2962 pro-

182 2984 324 3053 vincias
337 2994 436 3076 alter,
452 2994 638 3078 inopinato
654 2999 700 3060 ad
717 2999 837 3062 divum
853 3000 1013 3066 Blasium

184 3104 412 3198 divertentes,
430 3116 490 3178 diu
503 3137 583 3180 cum
594 3120 727 3182 abbate
740 3123 785 3183 de
796 3123 1015 3204 legationum

187 3248 327 3297 suarum
346 3238 499 3320 negotiis
520 3240 762 3307 conferebant.
787 3242 1015 3329 Suffraganei

192 3348 486 3443 Constantienses,
509 3362 702 3445 episcopus
722 3365 761 3429 L.
778 3367 818 3429 B.
837 3367 881 3429 de
897 3366 1014 3431 Horn·

201 3474 295 3560 stein,
312 3490 345 3544 et
363 3481 440 3545 eius
461 3502 647 3548 successor
667 3486 859 3570 episcopus
874 3489 1014 3553 Milevi·

207 3604 298 3663 tanus
308 3601 343 3667 L.
357 3604 399 3667 B.
417 3606 462 3668 de
478 3606 639 3690 Baaden,
663 3628 728 3672 nec
749 3629 820 3672 non
840 3609 1013 3694 suffraga-

214 3720 555 3791 oeuswonnatiensis
572 3729 617 3792 de
628 3730 852 3794 Wiirthwein
869 3733 1013 3814 saepius

219 3835 719 3931 addivumsslasiumgratissimi
730 3851 891 3934 hospites
902 3864 1012 3918 erant.

223 3950 272 4033 Qui
293 3965 447 4050 dignitati
478 3979 515 4033 et
544 3971 778 4036 iurisdictioni
814 3975 1012 4056 episcopali

225 4083 343 4152 Proxime
356 4093 542 4176 accedunt,
556 4094 707 4158 abbates
724 4116 754 4162 o.
768 4118 795 4161 s,
808 4097 850 4162 B.
864 4117 1012 4181 congre-

226 4200 363 4274 rationum
389 4213 580 4279 Helvetiae
614 4227 650 4280 et
680 4215 849 4302 Sueviae,
880 4220 1011 4283 Lotha-

227 4314 331 4414 ss'flgiae,
348 4334 482 4398 ordinis
503 4334 801 4429 Cisterciensium‚
823 4343 1011 4406 canonico·

226 4452 277 4505 rom
287 4458 487 4537 regularium
503 4478 624 4567 omnes
645 4461 767 4524 abbati
781 4461 936 4526 Martino
954 4485 1011 4527 ac-

226 4568 375 4644 ωΡῒὶεείιιιὶ
392 4591 495 4643 erant
510 4581 686 4662 hospites;
708 4583 815 4646 etiam
832 4586 1010 4667 generalis

225 4685 319 4760 or(lillis
336 4699 586 4785 Eremitarum,
610 4704 848 4785 provinciales
877 4707 1011 4770 ordinis

224 4799 434 4906 diodorum,
450 4824 742 4888 Recollectorum
759 4835 795 4888 et
812 4826 1011 4908 Capucino-

221 4944 274 4994 mm
290 4942 398 5021 plures
421 4955 607 5029 venerunt,
630 4950 797 5011 abbatem
818 4949 1011 5012 Martinum

218 5051 378 5141 monum
399 5086 466 5130 nec
488 5068 636 5131 deerant
651 5069 857 5132 abbatissae
874 5090 904 5134 0.
919 5090 945 5134 s.
958 5072 1010 5154 B,

139 5212 142 5231 ι
214 5189 467 5259 quaveneratio
487 5190 523 5252 in
544 5191 711 5255 abbatem
728 5193 889 5257 adduxit.
913 5193 1011 5256 Inter

1055 804 1058 853 l

1097 811 1208 854 uxore
1226 813 1290 854 sua
1303 793 1460 854 secunda
1477 793 1659 856 comitissa
1674 794 1719 856 de
1730 792 1930 857 Hochheim

1097 914 1142 975 ad
1159 934 1185 977 S.
1204 915 1362 977 Blasium
1387 916 1584 998 divertens,
1606 917 1781 997 adspectu
1804 916 1929 998 templi

1097 1036 1331 1120 stupefactus
1347 1038 1434 1100 illud
1447 1038 1534 1101 artis
1546 1058 1637 1120 opus
1650 1038 1802 1111 dicebat,
1820 1041 1929 1101 decus

1098 1169 1134 1221 et
1142 1170 1388 1223 ornamentum
1398 1159 1621 1227 Germaniae.
1634 1161 1837 1244 Principem
1847 1161 1929 1225 dein

1096 1282 1289 1345 Martinum
1310 1284 1473 1365 sequenti
1497 1304 1590 1347 anno
1614 1285 1661 1347 ad
1685 1303 1724 1346 se
1748 1282 1930 1367 Stuttgar-

1099 1403 1193 1466 diam
1210 1405 1411 1467 venientem
1432 1406 1523 1468 adeo
1544 1405 1734 1469 honorifice
1755 1417 1791 1469 et
1811 1408 1929 1488 splen-

1098 1525 1181 1587 dide
1197 1528 1351 1609 excepit,
1368 1538 1407 1590 ut
1423 1528 1516 1590 natis
1532 1528 1754 1611 principibus
1769 1530 1851 1612 plus
1866 1530 1929 1592 ho-

1097 1648 1193 1710 noris
1220 1649 1283 1710 vix
1310 1660 1434 1732 posset
1462 1650 1642 1715 exhibere.
1680 1649 1828 1714 Carolus
1853 1652 1929 1714 Fri·
1995 1675 2005 1687 .

1098 1770 1238 1833 dericus
1258 1771 1419 1834 Marchio
1441 1772 1619 1835 Badensis
1640 1793 1719 1836 cum
1739 1772 1812 1837 filio
1833 1774 1929 1856 prin·

1098 1893 1178 1973 cipe
1201 1903 1285 1955 natu
1310 1896 1466 1957 secundo
1491 1915 1622 1977 magna
1644 1896 1867 1959 reverentiae
1892 1907 1929 1960 et

1097 2015 1256 2077 laetitiae
1276 2015 1527 2079 testificatione
1550 2017 1586 2079 in
1610 2017 1693 2080 divo
1714 2018 1836 2081 Blasio
1860 2018 1928 2081 suit

1098 2149 1272 2220 exceptus
1303 2139 1339 2200 in
1374 2139 1497 2221 vigilia
1528 2139 1684 2201 omnium
1716 2150 1927 2221 sanctorum.

1097 2260 1209 2322 Porro
1240 2260 1392 2323 Ioannes
1425 2261 1593 2344 princeps
1625 2264 1669 2324 de
1700 2261 1928 2327 Schwarzen·

1096 2384 1188 2464 berg
1203 2402 1281 2445 curn
1299 2403 1420 2465 uxore,
1437 2384 1596 2447 eiusdem
1608 2394 1721 2447 matre
1734 2405 1775 2449 ac
1789 2386 1928 2449 duobus

1096 2502 1178 2566 filiis
1190 2505 1362 2588 gemelliS,
1378 2506 1413 2567 in
1427 2526 1575 2588 quorum
1591 2507 1744 2589 gratiam
1758 2509 1928 2572 adventa-

1095 2636 1150 2689 rat
1167 2627 1374 2690 Elisabetha
1389 2628 1561 2692 Ludovici
1579 2629 1797 2694 Marchionis
1810 2631 1928 2693 Bado·

1096 2748 1272 2810 Badensis
1286 2749 1461 2812 catholica
1476 2751 1581 2813 unica
1592 2749 1674 2834 filia,
1692 2760 1728 2813 et
1739 2751 1832 2814 filius
1844 2752 1927 2815 hae-

1095 2892 1163 2934 res.
1196 2850 1381 2954 'Iosephus
1411 2872 1579 2955 princeps
1610 2875 1654 2936 de
1684 2874 1928 2957 Fiirstenberg

1097 3015 1176 3057 cum
1193 2994 1345 3076 coniuge
1361 2995 1524 3077 Iosepha,
1543 2993 1616 3058 filia
1632 2996 1736 3059 unica
1756 2995 1927 3079 principis

1095 3115 1595 3201 Hohenzollern-Hechingen,
1612 3119 1682 3181 iam
1695 3129 1802 3181 antea
1818 3119 1927 3181 devo-

1095 3248 1153 3299 tus
1170 3239 1312 3301 abbatis
1324 3239 1468 3322 amicus,
1482 3239 1640 3302 eiusdem
1653 3259 1844 3323 germanus
1855 3239 1926 3302 fra-

1095 3368 1150 3422 ter
1166 3358 1324 3442 Carolus,
1349 3371 1385 3423 et
1405 3361 1589 3443 utriusque
1610 3371 1732 3444 mater,
1757 3371 1841 3424 nata
1866 3381 1923 3424 co-

1095 3481 1232 3544 mitissa
1240 3483 1285 3544 de
1294 3482 1491 3545 Truchsess
1503 3484 1671 3545 abbatem
1683 3483 1875 3546 Martinum
1889 3483 1925 3545 in

1095 3604 1178 3665 divo
1190 3604 1312 3667 Blasio
1326 3605 1409 3667 etin
1423 3625 1505 3668 arce
1514 3604 1702 3668 Bonndorf
1714 3605 1923 3669 inviserunt.

1093 3725 1287 3788 Praeterea
1303 3729 1471 3790 abbatem
1487 3746 1552 3789 sua
1567 3727 1772 3808 praesentia
1787 3727 1824 3789 in
1841 3727 1925 3789 divo

1093 3848 1215 3911 Blasio
1237 3848 1374 3931 dignati
1391 3858 1473 3911 sunt
1489 3849 1668 3912 Antonius
1688 3850 1857 3931 princeps
1879 3851 1924 3912 de

1092 3968 1633 4053 Hohenzollem-Sigmaringen,
1644 3971 1720 4033 eius
1733 3989 1831 4033 soror
1841 3969 1925 4034 Cre-

1093 4093 1230 4155 scentia
1253 4095 1440 4156 canonissa
1466 4093 1502 4156 in
1530 4094 1679 4157 Buchau
1706 4104 1742 4157 et
1768 4105 1923 4176 agnatus

1092 4234 1212 4278 comes
1239 4216 1284 4278 de
1310 4215 1570 4279 Hohenzollem
1598 4217 1790 4280 canonicus
1818 4215 1923 4280 Colo-

1092 4337 1235 4401 niensis.
1258 4339 1305 4401 Et
1321 4339 1459 4402 iuvenis
1477 4340 1645 4422 princeps
1662 4361 1709 4404 ex
1728 4341 1923 4406 illustrissi-

1091 4481 1148 4523 ma
1164 4461 1298 4523 familia
1318 4462 1518 4544 principum
1541 4465 1586 4526 de
1603 4461 1765 4547 Gallizin,
1787 4466 1924 4548 praeci-

1091 4603 1181 4664 puas
1191 4580 1403 4646 Germaniae
1413 4585 1615 4667 provincias
1628 4595 1664 4648 et
1672 4587 1924 4651 celeberrimas

1092 4705 1257 4768 civitates
1278 4708 1507 4790 perlustranS,
1533 4707 1641 4769 etiam
1662 4709 1871 4772 coenobium
1895 4730 1923 4772 s.

1091 4827 1203 4889 Blasii
1219 4828 1383 4910 invisere,
1400 4847 1531 4910 operae
1548 4829 1700 4912 pretium
1714 4849 1794 4892 esse
1807 4830 1921 4893 duxit.

1091 4949 1180 5011 Post
1202 4949 1382 5031 principes
1408 4950 1499 5013 inter
1522 4951 1736 5032 insigniores
1758 4951 1922 5032 hospites

1092 5071 1263 5132 nominari
1276 5080 1431 5134 meretur
1440 5073 1574 5135 Beatus
1583 5072 1713 5135 Fidelis
1722 5072 1921 5136 Zurlauben

1092 5193 1136 5254 de
1149 5192 1280 5272 Thurn,
1296 5192 1392 5275 regis
1409 5193 1692 5256 christianissimi
1706 5196 1924 5257 mareschal-

205 5298 358 5391 principes
386 5312 512 5376 civiles
542 5323 579 5376 et
608 5313 822 5397 insigniores
849 5315 1011 5396 hospites
1090 5315 1155 5395 lus,
1176 5324 1212 5376 et
1233 5314 1411 5396 generalis
1433 5315 1611 5397 emeritus,
1631 5315 1686 5378 vir
1708 5317 1924 5379 litteratissi-

200 5424 294 5493 laieos
307 5433 418 5516 primo
438 5434 518 5497 loco
538 5436 711 5500 nominari
731 5449 887 5501 meretur
904 5437 1011 5501 Caro·
1091 5456 1179 5518 mus,
1196 5446 1231 5498 et
1247 5437 1357 5498 musis
1373 5437 1552 5500 Blasianis
1568 5437 1844 5519 addictissimus,
1862 5440 1923 5521 qui

1666 5555 1696 5606 17
