4252 6112
920 471 1202 556 ...396-

192 671 323 755 goriuS,
341 669 604 732 administrator
620 668 655 730 in
672 669 926 750 temporalibus
940 688 1020 732 con·
1101 669 1230 735 festum
1243 692 1270 736 s,
1284 674 1472 737 Benedicti
1488 676 1723 739 translatum
1740 677 1950 742 celebratum

192 795 337 856 stitutus
354 792 487 855 nullum
500 812 569 854 non
581 791 692 853 movit
704 791 869 873 lapidem,
887 802 924 854 ut
937 812 1019 855 con·
1100 793 1177 875 fuit,
1194 794 1256 856 vix
1272 816 1342 858 non
1357 797 1449 859 inter
1465 798 1647 860 convivas
1666 799 1882 880 apoplexia
1892 810 1950 863 tac·

88 918 94 926 ’
192 936 307 979 nexus
332 913 570 996 Raigradium
601 913 692 975 inter
719 924 754 975 et
781 914 1021 977 Brevnovium
1101 925 1168 997 tus,
1179 916 1500 999 diesequentifatis
1510 920 1636 1002 cessit,
1647 919 1712 983 vir
1722 922 1777 984 de
1787 934 1949 986 monaste

193 1059 259 1121 per
274 1039 461 1100 decursum
477 1019 647 1117 temporis
665 1037 870 1118 ceteroquin
887 1057 925 1099 re
942 1037 1021 1119 ipsa
1101 1039 1152 1100 rio
1169 1039 1302 1120 optime
1319 1042 1540 1125 promeritus,
1563 1043 1678 1106 cuius
1703 1044 1843 1128 imago
1865 1046 1949 1108 seriei

192 1161 420 1243 iampridem
441 1161 575 1221 solutus
580 1208 589 1239 ,
615 1158 894 1241 disrumperetur
914 1169 1021 1242 atque
1101 1162 1386 1242 praepositorum
1410 1164 1542 1227 inserta
1563 1164 1778 1248 hucusque
1806 1166 1846 1230 in
1867 1187 1949 1251 prae

191 1283 440 1368 praepositura
451 1292 572 1344 nostra
581 1281 635 1343 sui
644 1280 844 1363 iurisiacta,
854 1292 1022 1364 exempta
1101 1283 1216 1346 latura
1239 1284 1464 1365 conspicitur.
1487 1285 1557 1349 Die
1580 1307 1611 1366 7.
1632 1288 1737 1370 Apr.
1763 1309 1838 1371 per
1860 1293 1949 1354 abba·
1990 1260 1992 1361 l

194 1418 230 1467 et
256 1405 368 1467 libera
396 1415 432 1466 et
458 1403 534 1465 iure
559 1402 739 1484 proprium
763 1403 831 1465 sibi
855 1405 1022 1467 abbatem
1102 1415 1174 1467 tem
1190 1405 1562 1471 Vetero·Brunensem
1586 1410 1859 1477 Benedictum
1875 1414 1949 1477 Eder

194 1527 349 1610 eligendi
366 1527 535 1588 decorata
550 1525 765 1588 authoritate
779 1545 946 1588 caesarea
963 1528 1022 1589 de·
1103 1547 1232 1608 corpus
1242 1528 1411 1611 defuncti,
1424 1550 1553 1613 magno
1566 1534 1710 1614 populi
1725 1543 1769 1597 et
1783 1536 1876 1599 cleri
1887 1557 1949 1599 con-

195 1651 397 1713 clararetur.
434 1647 512 1728 Qua
544 1648 588 1709 de
620 1667 728 1709 causa
754 1648 874 1710 oblato
901 1648 1021 1711 libello
1102 1669 1206 1712 cursu
1223 1651 1427 1733 sepulturae
1443 1653 1614 1716 traditum
1635 1655 1678 1718 in
1691 1659 1948 1723 coemeterios

196 1771 358 1853 supplici,
375 1769 585 1832 necessariis
602 1769 821 1851 argumentis
838 1770 1020 1852 instructo,
1102 1772 1224 1835 Crucis
1237 1773 1437 1856 Raigradii.
1454 1773 1661 1857 Gregorius
1677 1777 1888 1864 sazavsky
1901 1802 1947 1844 no

194 1913 398 1957 caesaream
410 1892 633 1954 maiestatem
646 1890 873 1953 Franciscum
886 1892 911 1955 Ι.
928 1892 1021 1973 ipse·
1100 1904 1173 1956 ster
1188 1915 1234 1957 10.
1244 1895 1330 1958 Maii
1344 1900 1421 1959 1813
1437 1897 1528 1959 inter
1539 1897 1751 1978 primarios
1767 1924 1871 1968 anno
1886 1911 1945 1967 1811

193 2026 265 2080 met
302 2014 497 2096 Gregorius
534 2014 701 2095 precibus
737 2033 931 2096 aggressus
967 2023 1022 2077 est
1101 2025 1242 2079 erectae
1259 2037 1350 2080 caes.
1367 2038 1441 2101 reg.
1459 2019 1650 2082 societatis
1670 2025 1725 2085 ad
1740 2045 1948 2106 promoven-

192 2149 265 2202 tam
281 2138 376 2200 felici
393 2145 534 2218 eventu,
548 2147 586 2198 ut
599 2135 876 2198 clementissima
888 2137 1021 2199 resolu-
1103 2139 1184 2201 dam
1197 2160 1270 2201 rem
1283 2141 1469 2223 agrariam,
1483 2141 1681 2206 scientiam
1696 2151 1914 2213 naturalem
1925 2159 1950 2212 et

194 2263 289 2325 tione
317 2260 354 2324 C.
380 2259 427 2322 R.
456 2260 528 2322 dto.
549 2258 711 2321 Viennae
741 2279 790 2321 22.
810 2259 915 2321 Mart.
941 2263 1020 2321 1813
1101 2260 1283 2323 historiam
1307 2261 1489 2325 Moraviae
1514 2274 1570 2326 est
1596 2281 1837 2353 susceptus,
1862 2284 1951 2354 atquc

193 2383 446 2446 monasterium
468 2384 514 2444 ab
536 2381 629 2444 omni
650 2400 745 2443 nexu
770 2401 848 2444 cum
864 2382 1022 2444 Btevno-
1101 2386 1247 2446 brevem
1260 2384 1354 2447 vitae
1368 2385 1444 2447 eius
1456 2387 1794 2455 adumbrationem
1808 2394 1848 2457 in
1861 2414 1951 2476 opere

193 2505 375 2568 viensibus
391 2504 540 2566 liberum
557 2503 797 2566 declararetur
813 2511 849 2566 et
865 2503 900 2566 in
912 2505 1022 2565 abba·
1102 2508 1148 2568 ab
1172 2505 1280 2568 Henr.
1298 2506 1430 2569 Czikan
1454 2527 1545 2570 anno
1572 2512 1658 2571 1812
1681 2511 1848 2580 Brunae
1872 2517 1951 2600 typis

194 2628 279 2691 tiam
295 2628 515 2690 eveheretur.
539 2625 660 2707 Atque
673 2624 733 2706 ita,
748 2625 843 2706 quod
856 2624 925 2686 iarn
942 2629 1020 2688 1683
1102 2628 1198 2690 edito
1227 2631 1292 2690 sub
1321 2629 1439 2691 titulo:
1470 2630 1556 2712 „Die
1584 2631 1792 2700 lebenden
1819 2637 1951 2703 Schn'it-

194 2755 321 2828 et1743
337 2758 511 2811 tentatum
525 2757 611 2827 erat,
624 2747 737 2809 libera
750 2748 918 2809 abbatum
932 2747 1023 2809 elec·
1102 2751 1222 2812 steller
1237 2750 1425 2813 Miihrens“
1450 2751 1662 2833 (scriptores
1688 2759 1760 2838 qui
1778 2761 1910 2824 vimnt
1925 2761 1950 2822 in

194 2872 290 2935 tione
315 2870 581 2933 administrator
604 2868 875 2952 Nigrofanensis
899 2870 1022 2952 Augu·
1102 2873 1275 2954 Moravia)
1285 2875 1459 2937 benevole
1469 2875 1589 2957 lector,
1601 2876 1632 2938 si
1646 2877 1766 2944 lubet
1776 2883 1949 2967 inspicias

193 2995 306 3057 stinus
323 2994 438 3075 Koch,
460 2994 565 3055 homo
589 2992 670 3073 pius
688 3001 724 3054 et
741 2992 901 3073 devotus,
926 3013 1023 3054 scru-
1061 2958 1064 3071 l
1188 3012 1357 3096 syllabus
1374 3015 1527 3077 omnium
1544 3034 1705 3096 operum
1725 3020 1772 3086 P.
1793 3021 1951 3108 Gregorii

194 3116 281 3178 tinio
299 3116 343 3177 de
360 3135 403 3177 ea
423 3135 461 3177 re
482 3119 528 3178 18.
546 3114 633 3176 Maii
653 3119 732 3177 1813
750 3113 872 3177 habito
888 3114 1022 3196 primus
1061 3084 1064 3227 l
1103 3134 1305 3216 sazavsky:

191 3237 232 3301 fit
254 3237 529 3319 Raigradiensis
554 3238 676 3298 abbas.
708 3235 903 3318 Gregorius
927 3235 1023 3317 prior
1061 3254 1064 3395 Ι
1314 3309 1351 3391 a)
1368 3309 1481 3391 Ὑγρὴ
1499 3309 1739 3391 prodierunt,

193 3481 249 3543 cui
262 3481 453 3563 episcopus
466 3501 580 3561 aeque
594 3500 635 3541 ac
644 3479 856 3562 gubernium
870 3499 1021 3542 summo·
1188 3454 1210 3509 I.
1228 3452 1413 3510 Griindliche
1426 3453 1620 3527 Antreisung,
1637 3456 1875 3521 Nadelbaiume
1887 3464 1950 3520 nach

1102 3557 1156 3614 der
1182 3558 1447 3615 mathematischeu
1472 3558 1662 3632 Richtigkeit
1693 3583 1736 3620 zu
1767 3565 1948 3626 berechnen

1103 3660 1362 3736 Herausgcgeben
1384 3681 1444 3718 von
1461 3662 1499 3722 G.
1516 3662 1547 3718 S.
1565 3662 1714 3722 Localen
1733 3671 1767 3725 in
1787 3672 1949 3730 Domaior.

1101 3766 1155 3822 Als
1181 3768 1228 3821 ein
1245 3766 1374 3840 Anhang
1397 3786 1431 3821 zu
1453 3767 1519 3823 dem
1542 3785 1600 3822 neu
1623 3768 1838 3832 erfundenen
1855 3779 1950 3834 Banu·

190 3623 278 3687 pere
298 3603 480 3684 favebant,
502 3622 567 3685 spe
588 3602 682 3665 omni
705 3602 930 3683 praelaturae
951 3601 1022 3664 fru-

191 3735 334 3808 stratuS,
353 3727 387 3788 in
405 3745 509 3807 quem
526 3725 647 3787 tritum
663 3725 763 3787 illud:
783 3725 914 3807 „semel
926 3724 1022 3806 prior

192 3869 371 3930 nunquam
388 3847 520 3910 abbas“
539 3847 727 3910 veritatem
740 3855 941 3910 assecutum
956 3855 1020 3915 est·
1102 3889 1226 3926 messer.
1249 3867 1278 3946 (i.
1297 3890 1323 3926 e.
1346 3870 1507 3927 Instructio
1528 3871 1565 3926 de
1586 3874 1716 3931 ratione
1737 3881 1951 3938 mathematica

191 3980 378 4033 vacantem
404 3970 534 4032 exinde
560 3969 764 4051 parochiam
786 3968 1021 4051 Nigrofanen-
1102 3973 1227 4031 arbores
1245 3973 1324 4029 foliis
1343 3976 1473 4049 pinnatis
1490 3974 1691 4055 dimetiendi.)
1718 3981 1865 4054 Brunae‚
1882 3988 1950 4062 qpis

192 4111 266 4152 sem
283 4091 441 4172 suscepit
457 4091 781 4171 administrandam,
804 4111 915 4172 usque
938 4093 1021 4152 dum
1101 4079 1307 4146 Slssdleslasslsr
1337 4080 1366 4135 1¹¹
1395 4081 1606 4135 commissione
1631 4079 1776 4159 Georgii
1807 4089 1910 4155 Gastl
1930 4109 1949 4145 ἃ

1101 4202 1188 4239 anno,
1213 4182 1255 4239 8⁰.
1281 4183 1299 4239 8
1322 4181 1372 4238 sol.
1398 4183 1431 4237 In
1456 4197 1558 4239 nostra
1580 4180 1653 4239 bibl.
1682 4187 1749 4244 sub
1777 4192 1839 4249 Bn.
1863 4207 1949 4267 3113.

1102 4287 1187 4361 Sign.
1206 4288 1240 4343 R.
1259 4305 1284 4342 e.
1303 4301 1353 4357 31.
1371 4288 1427 4342 No,
1446 4301 1496 4342 22.

1187 4392 1223 4447 11.
1248 4391 1422 4448 Unterricht
1447 4391 1520 4448 iiber
1540 4390 1598 4446 den
1615 4390 1799 4456 Gcbrauch
1824 4403 1883 4459 des
1898 4419 1948 4472 vop

1100 4495 1139 4551 G.
1161 4494 1193 4550 S.
1218 4496 1352 4551 Localen
1376 4515 1412 4553 zu
1436 4496 1590 4551 Domator·
1617 4495 1823 4560 erfundenen
1850 4506 1947 4562 Baun-

192 4213 357 4293 precibus
373 4212 514 4274 abbatis
531 4211 725 4293 Augustini
742 4222 938 4301 commotus
955 4231 1021 4274 nec

192 4354 263 4397 non
279 4334 457 4395 adnuente
471 4333 640 4414 episcopo
650 4333 825 4395 Brunensi
841 4334 905 4416 „de
918 4334 1020 4415 quo“,

193 4467 231 4518 ut
255 4455 388 4535 scribit,
415 4474 503 4537 „non
529 4455 604 4517 sine
630 4454 860 4517 fundamento
886 4457 1022 4537 sperari

193 4579 287 4660 licet,
302 4580 453 4641 eundem
467 4577 573 4640 officii
586 4579 639 4640 sui
652 4578 824 4660 partibuS,
842 4580 940 4641 cuius
953 4580 1021 4641 iam
1101 4619 1242 4656 messem,
1267 4596 1296 4677 (1,
1318 4619 1344 4656 e,
1366 4601 1527 4656 lustrum.)
1547 4599 1584 4656 de
1605 4619 1663 4655 usu
1687 4605 1897 4667 insffumenu·
1915 4608 1947 4666 ,d

193 4702 423 4781 comprobata
446 4700 657 4763 documenta
680 4701 842 4782 dederat,
864 4720 929 4782 pro
949 4721 1020 4762 ma·
1100 4704 1296 4762 dimetiendas
1313 4702 1462 4784 arbores.)
1480 4704 1945 4789 Brunae‚1807.10an.Ge0rg.

1100 4810 1197 4866 Gastl.
1221 4808 1262 4866 8⁰.
1289 4825 1322 4881 13
1342 4830 1371 4886 p.
1395 4809 1468 4865 Cum
1486 4826 1505 4881 4
1521 4809 1590 4865 lurn.
1615 4809 1650 4865 ln
1666 4829 1783 4873 nostra
1801 4817 1880 4876 bibl.
1896 4818 1945 4876 sub

1100 4916 1176 4970 Msn.
1194 4912 1287 4987 5654.
1312 4916 1398 4970 lllisc.
1432 4914 1547 4969 Horum
1572 4931 1702 4989 operum
1730 4926 1944 4980 recensionem

191 4823 256 4885 iori
271 4822 341 4886 Dei
358 4821 483 4905 gloria,
500 4841 591 4885 mon.
608 4822 734 4904 Raigr.
752 4832 788 4884 et
804 4822 1020 4905 reipublicae

192 4944 408 5007 incremento
426 4965 471 5006 ex
489 4963 569 5005 asse
585 4944 868 5025 responsurum“,
885 4945 963 5006 loco
980 4944 1019 5006 P.

1101 5021 1235 5094 reperies
1257 5021 1285 5074 in
1302 5019 1507 5094 ephemeride:
1532 5018 1817 5089 „Vaterlalndische
1836 5029 1944 5083 Blatter

1101 5122 1148 5178 siir
1159 5123 1217 5179 den
1231 5122 1503 5179 dstcrreichischen
1512 5124 1741 5180 Kaiserstaat.“
1755 5129 1838 5186 Nov.
1859 5130 1941 5189 1808.

1102 5242 1162 5299 412
1181 5246 1210 5302 p.

1187 5329 1337 5419 lll.·Vidit
1353 5328 1514 5398 Abraham,
1532 5332 1559 5385 in
1577 5337 1658 5402 50¹²¹⁰
1670 5336 1770 5392 natali
1787 5338 1823 5396 P.
1841 5340 1942 5413 Augu·

1101 5437 1170 5491 stini
1182 5435 1270 5491 Koch
1283 5435 1353 5492 Ben.
1367 5435 1469 5510 Raigr.
1487 5435 1580 5491 curati
1593 5434 1841 5509 Nigrolanensis
1853 5462 1873 5500 a
1885 5445 1940 5500 suis

192 5066 295 5128 Pauli
312 5071 362 5129 31.
379 5067 451 5129 Ian.
473 5070 552 5144 1814
570 5068 727 5128 secunda
743 5067 821 5129 vice
843 5067 1021 5148 prioratus

192 5187 346 5250 officium
377 5198 485 5269 atque
516 5207 605 5250 onus
637 5208 702 5250 nec
729 5207 799 5250 non
830 5188 1020 5269 parochiae

192 5310 465 5392 Raigradiensis
487 5309 802 5372 administrationis
822 5319 943 5390 partes
964 5329 1020 5371 su-

192 3379 289 3440 ver0,
313 3378 443 3440 parens
465 3357 682 3439 effectorque
703 3377 818 3420 novae
843 3357 1026 3438 abbatiae,·

193 5431 317 5513 scepit,
335 5440 371 5493 et
389 5452 458 5512 qua
474 5431 556 5492 talis
573 5435 651 5493 1815
668 5432 724 5494 die
737 5453 767 5512 4.
779 5431 866 5513 Apr.
882 5453 952 5513 qua
964 5432 1020 5494 die
