4222 6106
950 505 991 514 —
1037 468 1151 530 XXII
1195 505 1237 513 —

222 694 521 755 missionariorum
543 693 643 776 fungi
666 693 777 755 voluit
793 695 824 773 ¹).
869 694 927 755 Ad
950 696 1015 755 hos
1039 694 1138 755 multi
1161 694 1221 756 alii
1249 706 1494 774 accesserunt,
1525 694 1561 755 in
1593 693 1722 775 quibus
1747 691 1957 755 Guntherus

224 833 370 896 eremita
385 835 408 914 2)
433 842 469 895 11
492 853 519 895 5.
543 831 734 911 Gerardus,
759 831 892 894 sodalis
915 833 1120 895 monasterii
1144 852 1170 896 5.
1196 831 1343 915 Georgii
1368 832 1509 912 Veneti,
1540 831 1737 913 principem
1760 832 1877 894 locum
1901 833 1963 893 ob-

221 972 345 1033 tinent.
385 970 449 1032 1110
477 978 622 1033 auctore
653 989 716 1031 rex
745 970 914 1033 extremis
943 970 1039 1033 vitae
1071 972 1197 1033 diebus
1228 972 1408 1034 abbatiam
1442 992 1469 1034 5.
1496 970 1655 1033 Mauritii
1685 973 1730 1033 de
1759 970 1964 1052 Bakonybil

223 1107 426 1171 aedificavit
440 1111 474 1188 ³).
513 1108 581 1170 Hic
605 1128 755 1190 magnus
772 1108 826 1170 vir
846 1107 974 1189 partim
991 1109 1027 1170 in
1043 1109 1258 1172 monasterio
1275 1129 1350 1190 suo,
1375 1109 1504 1191 partim
1527 1109 1564 1171 in
1588 1108 1773 1171 itineribus
1791 1107 1964 1191 singulari

223 1247 385 1309 doctrina
408 1246 475 1308 sibi
500 1255 706 1327 comparata
730 1267 809 1308 cum
831 1247 1082 1328 Hierosolyma
1105 1248 1404 1329 peregrinaretur,
1437 1247 1776 1329 Quinqueecclesias
1804 1257 1963 1327 venerat,

222 1385 343 1466 ibique
366 1385 532 1466 precibus
556 1385 740 1447 Anastasii
765 1384 908 1446 abbatis
932 1386 1064 1447 cedens
1088 1395 1318 1471 remanserat.
1357 1386 1396 1448 In
1421 1385 1497 1447 eius
1521 1385 1746 1467 disciplinam
1769 1405 1833 1448 rex
1853 1385 1964 1448 filium

223 1522 457 1585 Emerichium
489 1522 644 1586 tradidit.
682 1522 738 1584 Ex
771 1522 977 1604 solitudine,
1008 1524 1044 1586 in
1075 1544 1180 1605 quam
1212 1534 1339 1605 postea
1363 1544 1402 1586 se
1427 1524 1631 1606 abdiderat,
1660 1529 1741 1587 1030
1764 1545 1785 1587 a
1809 1544 1896 1607 rege
1927 1524 1964 1586 in

223 1665 344 1725 sedem
369 1662 609 1743 episcopalem
627 1661 892 1724 Czanadensem
917 1674 972 1724 est
988 1672 1147 1725 vocatus,
1179 1663 1234 1724 lbi
1250 1663 1370 1725 verbis
1395 1662 1549 1743 scriptis,
1574 1662 1773 1725 eruditione
1797 1664 1964 1744 exemplo

222 1819 287 1882 pro
310 1819 421 1882 regno
444 1800 513 1861 Dei
536 1799 726 1862 desudavit
757 1812 792 1862 et
824 1801 927 1881 plura
957 1801 1171 1863 monasteria
1202 1822 1224 1862 a
1254 1821 1293 1863 se
1326 1811 1445 1864 erecta
1474 1801 1589 1864 ordini
1616 1823 1643 1864 5.
1668 1800 1856 1864 Benedicti
1880 1820 1964 1864 con·

223 1939 331 2002 cessit
346 1941 379 2020 1),
409 1941 491 2001 dum
516 1958 646 2000 corona
670 1948 864 2020 martyrum
890 1939 1079 2001 decoratus
1110 1949 1193 2001 ante
1226 1939 1319 2002 diem
1347 1950 1513 2002 octavum
1539 1937 1716 2001 Calendas
1742 1938 1965 2001 Novembres

227 2096 304 2155 1047
332 2076 441 2139 vitam
465 2075 629 2157 1111111115).

352 2215 443 2278 Fere
476 2216 599 2277 decem
631 2216 732 2278 annis
764 2224 846 2278 ante
878 2216 986 2296 (1038)
1011 2226 1155 2279 sanctus
1179 2215 1403 2297 Stephanus,
1432 2215 1550 2278 fidelis
1573 2216 1710 2279 amicus
1734 2226 1770 2278 et
1792 2226 1964 2298 patronus

223 2355 367 2435 ordiniS,
392 2356 437 2416 de
453 2355 528 2416 vita
548 2352 774 2435 migraverat.
814 2352 930 2415 Etiam
955 2372 1181 2416 successores
1197 2354 1352 2436 vestigia
1369 2353 1445 2415 eius
1462 2363 1670 2435 presserunt
1687 2363 1723 2416 et
1739 2354 1845 2435 pauci
1862 2364 1964 2417 erant

226 2514 332 2575 reges
355 2493 487 2555 saeculi
511 2493 704 2573 undecimi,
735 2492 795 2574 qui
819 2492 932 2554 ordini
957 2512 1026 2554 non
1051 2493 1226 2555 domicilia
1249 2493 1368 2574 aliqua
1392 2491 1633 2574 adsignarent.
1672 2490 1731 2555 Sic
1756 2502 1855 2555 ortae
1880 2501 1963 2554 sunt

226 2632 411 2694 abbatiae:
443 2633 476 2694 b.
500 2631 635 2693 Mariae
659 2631 702 2694 V.
727 2631 771 2693 de
795 2629 885 2694 Sadtr
899 2630 934 2712 ⁶),
959 2650 985 2694 s.
1010 2631 1179 2694 Andreae
1202 2633 1248 2693 de
1270 2631 1480 2714 Vissegrad,
1505 2652 1531 2693 5.
1555 2630 1740 2712 Demetrii,
1764 2632 1799 2693 b.
1824 2630 1962 2693 Mariae

227 2778 262 2832 et
286 2791 312 2833 5.
337 2769 469 2832 Aniani
493 2771 538 2831 de
562 2769 675 2832 Tihan
691 2770 724 2850 ⁷),
748 2770 782 2832 b.
806 2768 943 2831 Mariae
966 2769 1010 2831 V.
1035 2771 1080 2831 de
1103 2771 1412 2850 Kolosmonostra,
1437 2788 1482 2831 ss.
1501 2768 1698 2832 Salvatoris
1716 2771 1760 2831 de
1779 2767 1963 2848 Sexard‘),

226 2930 253 2972 s.
278 2907 398 2971 Iacobi
422 2910 467 2970 de
491 2906 659 2988 81115109),
684 2907 728 2968 de
753 2907 888 2988 Zaszty,
913 2927 939 2969 s.
964 2907 1150 2970 Benedicti
1175 2909 1219 2970 de
1243 2907 1633 2989 Quinqueecclesiisw),
1657 2927 1684 2971 5.
1707 2906 1895 2970 Benedicti
1919 2909 1964 2969 de

225 3049 326 3110 iuxta
343 3045 449 3128 Gron,
466 3048 499 3109 b.
516 3045 652 3108 Mariae
677 3047 721 3108 de
745 3046 913 3129 Pagrimy
928 3047 973 3127 ¹¹),
998 3066 1024 3108 s.
1043 3046 1187 3109 Martini
1211 3048 1255 3108 de
1271 3046 1484 3128 Mogyordd,
1502 3066 1528 3106 5.
1546 3045 1693 3127 Aegidii
1716 3046 1761 3107 de
1778 3044 1963 3126 Simighio,

208 3247 209 3250 ,
228 3207 254 3250 5.
279 3185 465 3248 Michaelis
481 3184 702 3266 Archangeli
718 3185 763 3246 de
780 3185 906 3266 Batha,
930 3187 963 3247 b.
981 3185 1117 3248 Mariae
1142 3186 1186 3247 de
1211 3183 1318 3248 Szent
1342 3185 1432 3246 Iobb
1444 3187 1489 3266 12),
1514 3185 1548 3246 b.
1565 3183 1702 3246 Mariae
1726 3185 1771 3246 de
1796 3182 1907 3245 Curru
1918 3190 1964 3264 ι3).

355 3488 375 3570 ¹)
399 3493 487 3547 Mons
510 3491 682 3546 Pannoniae
705 3509 780 3546 vero
804 3504 947 3564 quattuor
970 3491 1135 3547 monachos
1160 3489 1367 3557 Leonardum,
1397 3491 1559 3556 Concium,
1590 3490 1774 3566 Philippum,
1799 3490 1962 3545 Henricum

225 3604 346 3661 dimisit.
379 3604 494 3660 Horum
520 3615 646 3677 uterque
670 3603 708 3670 ad
731 3602 992 3659 archidiaconatus
1016 3603 1192 3676 dignitatem
1217 3600 1430 3658 ascendebant.
1463 3603 1571 3659 Czinar
1595 3603 1612 3657 l.
1638 3621 1663 3658 c.

354 3712 376 3792 2)
400 3716 446 3770 De
470 3715 639 3779 Gunther0‚
671 3717 721 3789 qui
752 3717 874 3790 saepius
907 3733 944 3770 ex
973 3714 1049 3770 cella
1080 3733 1134 3770 sua
1162 3733 1186 3770 5.
1212 3715 1316 3770 loanni
1340 3715 1494 3789 Baptistae
1519 3728 1698 3771 consecrata
1723 3716 1752 3769 in
1777 3713 1962 3786 liungariam

223 3827 374 3893 veniebat,
400 3827 530 3885 conferri
554 3839 655 3902 potest
680 3827 790 3894 Dudik,
816 3828 947 3901 Raigern
971 3839 1000 3882 et
1023 3830 1084 3883 vita
1108 3827 1265 3883 Guntheri.

355 3941 377 4018 ³)
401 3941 509 3996 Czinar
533 3939 551 3995 l.
576 3959 602 3995 1.
627 3940 649 3994 I.

353 4049 375 4128 ⁴)
399 4051 425 4106 A
450 4051 606 4108 coenobiis
630 4069 648 4106 a
672 4071 695 4107 5.
720 4051 859 4107 Gerardo
884 4051 1012 4107 conditis
1033 4054 1246 4108 monasterium
1263 4071 1288 4107 s.
1306 4051 1434 4107 Gerardi
1452 4051 1499 4106 vel
1517 4050 1662 4106 Bernardi
1679 4049 1716 4105 dc
1732 4048 1854 4105 Czanad
1870 4050 1964 4122 origi-

222 4184 289 4220 nem
314 4164 438 4222 duxisse
462 4165 580 4220 dicitur.
613 4165 720 4219 Czinar
744 4164 761 4219 l.
787 4182 813 4219 1.
839 4165 861 4220 l.

352 4275 374 4354 ⁵)
399 4276 559 4351 deinger,
585 4276 723 4332 Oesterr.
749 4276 944 4340 Geschichte‚
970 4276 991 4331 l.

352 4383 375 4466 6)
398 4387 424 4442 A
448 4406 523 4461 rego
548 4388 618 4444 Ovo
641 4388 689 4443 vel
714 4386 782 4443 Aba
806 4386 927 4444 condita
951 4405 1019 4443 esse
1043 4388 1160 4443 dicitur.
1193 4389 1301 4444 Czinar
1325 4388 1343 4443 Ι.
1369 4405 1394 4443 1.
1419 4388 1442 4442 Ι.

352 4497 375 4577 7)
398 4500 482 4555 Haec
507 4502 689 4556 monasteria
712 4499 833 4556 condita
856 4512 925 4555 sunt
941 4511 1079 4574 tempore
1096 4499 1235 4556 Andreae
1252 4501 1273 4556 l.
1292 4501 1374 4573 regis
1392 4495 1639 4580 (1046-1061).
1670 4497 1786 4553 Eorum
1803 4498 1930 4572 plurima
1945 4516 1964 4552 a

222 4630 296 4686 rege
321 4615 388 4688 ipso
412 4613 546 4668 instituta
570 4630 639 4668 esse
661 4611 810 4668 videntur.
849 4612 957 4667 Czinar
981 4611 998 4667 l.
1024 4630 1050 4667 c.
1077 4613 1098 4667 1.

352 4719 375 4802 ⁸)
399 4724 426 4780 A
449 4724 520 4781 Bela
544 4725 566 4781 l.
591 4721 829 4801 (1061-1063)
854 4724 974 4780 condita
998 4742 1066 4780 esse
1091 4724 1207 4780 dicitur.

350 4834 373 4915 ⁹)
397 4838 554 4911 Originem
578 4837 661 4893 duxit
685 4835 723 4892 ab
748 4837 863 4893 Ottone
887 4839 996 4893 comite
1020 4835 1210 4910 Siimegiensi
1238 4834 1316 4908 1065
1343 4837 1473 4892 circiter.
1506 4837 1613 4891 Czinar
1636 4834 1654 4890 l.
1676 4853 1703 4890 1.
1728 4835 1750 4889 l.

338 4947 372 5028 ¹⁰)
395 4949 460 5006 Sub
483 4949 648 5007 Salomone
673 4969 745 5024 rege
769 4950 943 5024 Hungariae
965 4948 1043 5022 1067
1069 4963 1098 5005 et
1127 4962 1207 5022 1070
1231 4963 1317 5005 ortae
1341 4966 1408 5005 esse
1433 4948 1581 5003 dicuntur.
1614 4947 1723 5003 Czinar
1746 4947 1764 5001 l.
1783 4964 1809 5002 1.
1833 4946 1856 5001 Ι.

337 5059 372 5140 ¹¹)
395 5061 421 5117 A
446 5081 518 5136 rege
542 5061 645 5136 Geysa
674 5074 751 5134 1075
778 5063 899 5118 circiter
923 5061 1063 5118 conditae
1087 5076 1164 5118 sunt.
1197 5061 1305 5117 Czinar
1327 5061 1345 5116 1.
1371 5080 1397 5117 1.
1422 5061 1444 5116 l.

339 5171 373 5252 ¹²)
397 5174 492 5230 Ortae
516 5173 571 5231 sub
595 5175 739 5231 Ladislao
764 5172 877 5230 Sancto
902 5192 975 5247 rege
1000 5166 1183 5247 Hunga'riae.
1216 5175 1324 5229 Czinar
1348 5173 1366 5228 l.
1391 5192 1417 5229 c.
1442 5173 1464 5228 l.

339 5282 373 5363 ¹³)
397 5284 524 5341 Condita
547 5299 617 5361 post
641 5301 767 5343 mortem
793 5285 925 5341 Ladislai
949 5285 1051 5341 Sancti
1080 5299 1170 5358 1095.
1210 5286 1368 5341 Nominata
1392 5302 1462 5341 esse
1483 5285 1592 5340 dicitur
1615 5302 1717 5350 exeo,
1741 5283 1825 5358 quod
1842 5302 1960 5349 11111115,

220 5416 282 5472 quo
307 5416 420 5473 corpus
444 5400 538 5453 sancti
563 5401 644 5472 regis
668 5398 849 5455 Varadinum
874 5399 1043 5466 veheretur,
1068 5401 1132 5454 sine
1156 5412 1281 5453 vectore
1305 5416 1342 5453 10
1366 5414 1499 5472 propere
1523 5395 1671 5452 tenderet.
