4222 6106
204 669 453 741 compararunt
477 678 659 720 numerum
675 656 1032 738 atqueprof.Woln)'1
1116 657 1269 718 vendam
1283 656 1468 718 scientiam
1481 656 1707 738 antiquitatis
1715 657 1877 720 Hafniae
1886 668 1951 721 etc.

204 782 288 844 viris
310 781 465 861 optimae
488 779 614 850 famae,
637 780 687 841 uti
708 779 833 840 baroni
853 778 1032 860 Hormayr
1112 778 1152 838 In
1170 777 1343 840 electione
1365 778 1508 840 abbatis
1528 798 1622 841 anno
1647 785 1728 842 1832
1753 782 1949 842 secundum

204 913 240 965 et
267 903 360 983 patri
387 902 603 985 philologiae
632 901 787 963 slavicae
814 900 1031 981 Dobrovsky
1111 900 1239 962 meruit
1254 901 1370 962 locum
1379 900 1515 981 Wolny
1533 901 1623 963 inter
1635 902 1853 964 candidatos
1867 923 1945 982 qua-

202 1036 324 1087 notum
338 1034 373 1087 et
385 1024 594 1086 familiarem
607 1023 735 1085 fecere.
753 1022 869 1103 Quum
882 1023 917 1084 in
930 1042 1032 1103 prae·
1113 1032 1202 1102 tuor,
1226 1022 1319 1084 votis
1340 1022 1410 1103 ipsi
1434 1021 1725 1104 suffragantibus
1751 1021 1843 1084 Cum
1866 1043 1941 1086 vero

201 1147 413 1209 lectionibus
429 1146 502 1207 suis
517 1145 694 1208 historicis
706 1153 897 1226 angustum
911 1154 946 1207 et
958 1164 1031 1206 mo·
1111 1142 1329 1206 labefactata
1349 1145 1529 1205 laboraret
1545 1144 1764 1224 valetudine,
1787 1146 1855 1207 iam
1877 1146 1935 1226 pri·

201 1271 328 1331 lestum
346 1268 397 1329 illi
414 1279 510 1329 esset
533 1267 584 1329 uti
605 1267 703 1328 libris
726 1267 959 1347 praescriptis
979 1275 1031 1328 at·
1112 1266 1192 1326 dem
1210 1266 1323 1346 petiit,
1340 1277 1379 1327 ut
1396 1265 1464 1327 sibi
1482 1268 1626 1329 daretur
1641 1267 1825 1329 absolutio
1837 1287 1857 1328 a
1869 1270 1929 1348 phi·

202 1411 270 1471 que
294 1390 389 1452 acies
413 1389 547 1471 ingenii
570 1389 623 1450 sui
644 1389 708 1451 hos
732 1408 802 1449 non
827 1389 1031 1450 commodos
1070 1384 1073 1445 l
1111 1386 1243 1467 lologia
1272 1388 1450 1469 docenda,
1478 1388 1535 1450 cui
1565 1387 1681 1450 minus
1713 1388 1874 1469 favebat,
1900 1405 1924 1453 et

200 1511 697 1594 perspiceret,praelectiones
706 1510 869 1591 proprias
878 1510 914 1571 in
923 1529 1029 1572 unum
1111 1506 1273 1587 quamvis
1293 1508 1442 1589 proinde
1464 1528 1595 1570 novum
1617 1509 1811 1604 accidisset
1826 1531 1919 1574 mona·

200 1634 368 1696 collectas
385 1653 447 1694 seu
464 1633 592 1694 librum
613 1633 657 1693 de
676 1632 823 1694 historia
839 1631 1030 1693 universali
1111 1629 1220 1690 sterio
1237 1629 1493 1711 Raigradiensi
1517 1650 1606 1694 onus
1628 1633 1850 1695 sustentandi
1867 1643 1915 1698 ter-

200 1755 400 1835 (Lehrbuch
418 1755 481 1815 der
495 1754 731 1835 allgemeinen
740 1753 1028 1835 Weltgeschich-
1110 1750 1197 1812 tium
1214 1752 1356 1813 Brunae
1369 1752 1619 1834 professorem,
1632 1754 1729 1817 votis
1739 1765 1851 1817 tamen
1861 1755 1912 1818 fac·

198 1878 263 1956 te),
284 1876 462 1955 Viennae,
490 1880 586 1955 1830,
611 1874 709 1957 typis
734 1874 855 1936 edidit.
891 1874 1028 1935 Eodem
1067 1918 1070 1963 ,
1109 1883 1183 1934 tum
1200 1872 1328 1936 fuisset
1344 1875 1431 1937 satis
1444 1876 1510 1938 viri
1524 1877 1667 1939 omnino
1680 1876 1911 1940 meritissimiet

198 2018 291 2059 anno
321 1997 512 2060 maximam
539 1997 723 2058 Moraviae
754 2006 893 2078 partem
926 2015 1028 2077 pera·
1066 1966 1070 2069 i
1109 2014 1217 2075 opere
1234 1996 1382 2078 insignis
1399 2009 1435 2060 et
1451 2019 1516 2079 pro
1529 1999 1646 2080 patria
1663 2000 1906 2082 occupatissimi,

196 2120 330 2203 gravit,
361 2120 493 2201 ubique
521 2120 677 2181 locorum
706 2121 751 2180 ad
779 2139 902 2200 opera,
935 2137 1027 2199 quae

196 2233 360 2324 parabat,
382 2242 507 2303 silvam
524 2261 639 2303 rerum
656 2241 780 2303 sedula
803 2261 910 2303 manu
934 2260 1027 2303 com·

196 2384 326 2444 parans
340 2372 447 2443 atque
458 2363 625 2425 continua
637 2362 786 2424 fontium
796 2363 1026 2445 indagatione

195 2485 424 2566 epistolarum
441 2504 555 2565 aeque
576 2505 617 2546 ac
638 2485 810 2546 sermonis
826 2485 1026 2567 praesentis

194 2626 357 2668 connexu
379 2626 457 2668 cum
474 2607 560 2668 viris
580 2607 775 2687 praeclaris
795 2606 1025 2689 historiogra-

194 2729 282 2809 phis,
299 2728 508 2810 Hormayer,
531 2729 652 2808 Knoll,
674 2728 799 2790 Bocek
815 2749 857 2792 ac
874 2728 1025 2790 Richter

1108 2116 1137 2178 si
1154 2117 1338 2181 individua
1354 2120 1482 2182 idonea
1499 2121 1699 2184 adfuissent
1712 2142 1778 2203 pro
1791 2123 1906 2203 disposi-

1107 2239 1213 2303 tione.
1238 2241 1278 2301 In
1293 2242 1387 2304 hunc
1403 2241 1509 2305 finem
1530 2243 1600 2305 iarn
1616 2263 1711 2307 anno
1733 2249 1809 2307 1838
1823 2245 1856 2305 P.
1869 2244 1905 2305 la-

1107 2363 1217 2423 cobus
1236 2360 1433 2426 Schneider
1453 2384 1492 2426 se
1514 2385 1578 2446 pro
1600 2367 1773 2429 cathedra
1790 2366 1904 2447 philolo·

1107 2482 1188 2564 giae
1206 2486 1449 2566 praeparavit,
1469 2507 1514 2549 ex
1533 2507 1648 2568 eaque
1666 2489 1773 2550 etiam
1788 2505 1903 2550 examen

1106 2603 1141 2665 in
1163 2605 1395 2670 universitate
1419 2608 1552 2671 subivit
1570 2610 1740 2672 eminenti
1760 2631 1832 2672 cum
1850 2627 1903 2692 pro·

1104 2746 1241 2806 gressu.
1278 2729 1348 2790 Ast
1376 2729 1568 2811 impeditus
1595 2731 1814 2812 infirmitate,
1839 2748 1903 2812 quae

193 2858 259 2910 etc.
289 2851 429 2911 modum
454 2850 586 2930 optime
613 2859 842 2931 perspectum
867 2851 1024 2911 habebat
1062 2816 1066 2952 1
1105 2849 1359 2929 occupationes
1390 2851 1583 2914 litterarias
1615 2855 1856 2932 dissuadebat,
1877 2851 1903 2911 P.

193 2989 262 3050 quo
280 2971 437 3033 collectis
454 2981 622 3053 uteretur,
640 2971 761 3052 sicque
778 2971 879 3033 annis
901 2975 1024 3033 1835—
1062 2960 1065 3059 f
1105 2968 1299 3052 Gregorius
1313 2993 1402 3034 onus
1416 2973 1522 3036 officii
1535 2976 1630 3037 ultra
1643 2976 1816 3038 sustinere
1828 2992 1904 3055 coge·

197 3097 274 3170 1842
304 3113 395 3174 opus
428 3094 515 3176 ,Die
544 3094 848 3176 Markgrafschaft
874 3095 1022 3155 Miihren

193 3215 488 3297 topographisch,
517 3215 715 3278 statistisch
737 3217 809 3278 und
833 3216 1023 3278 historisch

191 3337 427 3417 geschildert“
454 3347 569 3398 ortum
594 3349 657 3399 est.
687 3339 727 3399 In
751 3338 874 3418 hocce,
898 3338 934 3399 in
958 3359 1022 3400 sex

190 3469 306 3518 tomos
324 3460 518 3520 secundum
541 3479 606 3520 sex
629 3470 713 3521 tunc
736 3460 932 3522 existentes
957 3461 1022 3522 cir-

190 3580 287 3641 culos
301 3580 492 3642 distributo
511 3601 629 3661 opere,
641 3582 805 3642 dedicato
818 3582 1021 3644 Maecenati

190 3722 263 3781 su0,
282 3722 447 3782 supremo
465 3702 696 3764 cancellariae
710 3723 899 3765 caesareae
916 3724 1020 3784 prae-

1102 3094 1218 3172 batur,
1243 3095 1356 3156 donec
1380 3096 1481 3157 Beda
1504 3096 1637 3177 Dudlk,
1665 3107 1751 3159 tunc
1778 3098 1904 3160 clericus.

1104 3213 1222 3275 studia
1248 3216 1452 3296 theologica
1479 3219 1691 3291 absolverit;
1721 3221 1813 3299 quod
1839 3234 1904 3279 amo

1107 3339 1189 3412 1840
1205 3337 1345 3417 accidit,
1367 3347 1403 3400 et
1424 3338 1517 3399 illico
1539 3338 1662 3401 Dudlk
1688 3341 1768 3402 loco
1791 3342 1827 3402 P.
1843 3339 1912 3402 Gre-

1102 3457 1192 3538 gorii
1217 3459 1421 3520 cathedram
1447 3460 1699 3542 philologicam
1730 3460 1903 3525 conscendit

1103 3599 1173 3660 qua
1190 3581 1361 3660 supplens
1377 3581 1577 3661 provisorio
1599 3585 1707 3645 modo
1731 3605 1795 3664 pro
1815 3585 1903 3646 futuro

1102 3722 1195 3764 anno
1211 3703 1425 3765 scholastico
1447 3707 1538 3781 1841.
1562 3705 1602 3768 P.
1617 3704 1813 3788 Gregorius
1828 3709 1903 3767 abso·

188 3823 294 3901 fectu,
312 3824 469 3885 Antonio
490 3824 693 3886 Friederico
716 3824 835 3886 comiti
856 3825 1020 3887 Mittrov·
1059 3797 1062 3935 Ι
1100 3825 1195 3885 lutus
1211 3824 1384 3887 hactenus
1401 3846 1422 3886 a
1441 3826 1648 3906 professura
1664 3829 1867 3910 philologiae
1880 3840 1903 3885 et

188 3945 476 4024 sky,accuratam
487 3946 1019 4008 marchionatusMoraviaestu·
1058 3940 1061 4048 l
1100 3955 1284 4008 reservata
1308 3947 1375 4008 sibi
1401 3948 1477 4008 sola
1493 3948 1641 4010 historia
1657 3951 1844 4012 universali
1860 3950 1903 4008 do·

189 4066 255 4126 diis
273 4078 514 4146 comparatam
528 4068 713 4129 scientiam
725 4069 928 4129 historicam
940 4070 1018 4129 luce
1058 4110 1060 4137 ,
1101 4070 1223 4136 cenda‚
1241 4069 1322 4147 plus
1338 4069 1486 4150 perinde
1498 4071 1632 4132 'nactus
1649 4082 1706 4134 est
1723 4072 1785 4134 otii
1801 4073 1832 4134 in
1845 4089 1904 4132 con·

1058 4160 1060 4191 Ι

190 4185 318 4246 clarius
345 4186 479 4266 Wolny
504 4189 674 4259 ostendit;
698 4190 844 4251 meritus
869 4190 1017 4269 proinde
1058 4216 1060 4335 b
1101 4190 1276 4251 cinnanda
1293 4201 1330 4252 et
1346 4191 1587 4253 elucubranda
1604 4195 1839 4275 topographia
1849 4191 1904 4253 llo·

188 4306 273 4385 iure,
297 4317 334 4368 ut
351 4308 458 4367 variis
475 4308 708 4370 societatibus
725 4310 940 4372 eruditorum
958 4311 1018 4370 ad·
1058 4340 1060 4358 ι

188 4438 440 4490 numeraretur.
477 4426 535 4490 Sic
557 4429 624 4490 iam
642 4450 734 4491 anno
757 4435 833 4492 1822
853 4430 1018 4493 Calendis
1057 4453 1060 4506 ι
1099 4435 1168 4496 iam
1186 4434 1349 4514 diximus,
1367 4435 1508 4497 omnino
1525 4436 1677 4517 insigne,
1695 4447 1839 4518 vastum,
1853 4434 1904 4516 pri·

1057 4591 1059 4601 ·
1098 4576 1203 4635 mum,
1228 4558 1323 4636 quod
1343 4557 1526 4637 hucusque
1549 4568 1651 4620 extat
1669 4558 1703 4620 in
1720 4558 1867 4621 Moravia
1880 4555 1904 4615 in

1100 4313 1230 4374 raviae.
1255 4310 1320 4373 Est
1336 4323 1455 4374 autem
1473 4332 1563 4394 opus
1579 4314 1657 4395 hoc,
1676 4317 1721 4377 de
1739 4336 1807 4396 quo
1822 4332 1904 4394 supra

188 4550 322 4630 Aprilis
339 4550 431 4611 inter
447 4549 632 4630 primarios
646 4571 738 4614 caes.
748 4572 821 4634 reg.
837 4552 1017 4615 societatis

186 4674 450 4752 promovendae
466 4672 518 4733 rei
532 4673 693 4753 agrariae
707 4675 939 4754 estadscituS,
953 4696 1017 4756 per
1056 4612 1059 4757 i
1097 4680 1163 4739 hoc
1181 4698 1313 4758 genere
1327 4680 1552 4760 completum,
1566 4699 1645 4741 cum
1659 4683 1779 4760 quoad
1792 4692 1904 4762 partem

186 4794 361 4855 celebrem
390 4793 513 4855 Chmel
544 4814 762 4876 magnopere
795 4799 1016 4858 commenda·
1056 4808 1058 4864 l
1097 4800 1301 4861 historicam
1314 4801 1406 4862 ultra
1422 4820 1505 4878 7000
1518 4801 1765 4883 instrumenta,
1783 4817 1906 4883 quorum

185 4927 256 4985 tus:
281 4918 326 4975 ad
345 4937 393 4992 29.
412 4919 499 4995 Apr.
522 4921 603 4993 1840
617 4916 657 4978 fit
673 4920 866 4979 membrum
887 4922 933 4980 ad
954 4921 1015 4980 ho·
1096 4922 1248 5002 plurima
1276 4921 1457 5003 incognita
1485 4932 1520 4982 et
1551 4933 1725 5003 excerpta
1754 4943 1774 4984 e
1800 4920 1908 4985 tabulis

184 5056 288 5096 nores
313 5056 382 5097 soc.
408 5037 519 5097 musei
545 5037 683 5117 patriae
706 5059 771 5119 per
795 5040 1013 5120 Bohemiam,
1053 5056 1056 5147 J
1096 5042 1293 5123 Moraviae,
1319 5062 1467 5124 quorum
1493 5064 1556 5105 200
1575 5044 1635 5105 fol.
1662 5064 1767 5106 nemo
1792 5041 1909 5107 histori-

184 5158 309 5217 eodem
339 5162 365 5219 8.
394 5158 480 5218 Maii
508 5161 703 5220 membrum
731 5163 1013 5241 correspondens
1053 5151 1055 5244 1
1095 5183 1214 5225 corum
1230 5167 1413 5245 hucusque
1436 5175 1631 5226 manutam
1652 5167 1799 5227 assidua
1822 5162 1910 5226 etri·

184 5298 255 5339 soc.
272 5279 462 5341 historicae
480 5280 514 5341 in
528 5281 770 5343 marchionatu
784 5283 1012 5344 Brandobur-
1051 5274 1055 5412 l
1094 5285 1157 5366 gili
1173 5286 1333 5366 revolvit,
1358 5285 1492 5366 publici
1515 5286 1664 5366 perinde
1687 5287 1774 5348 iuris
1794 5284 1912 5349 fecerit.

184 5400 298 5480 gensi,
316 5406 367 5461 31.
386 5399 464 5464 Oct,
486 5407 567 5480 1844
584 5422 655 5465 soc.
672 5405 793 5486 regiae
810 5406 856 5466 ad
873 5425 1011 5487 promo·
1050 5419 1053 5456 ³
1092 5408 1280 5470 Innumera
1301 5427 1444 5490 quoque
1465 5407 1708 5488 manuscripta
1729 5410 1874 5471 collecta
1888 5405 1912 5467 ei
