4252 6112
812 536 860 545 -
917 515 988 585 395
1047 536 1094 545 -

1608 636 1619 664 ο

88 719 164 761 rum
173 698 452 780 theologusanni
464 697 608 760 secundi
618 698 808 780 moralista,
818 697 917 760 audi·
997 701 1092 780 Sept.
1114 704 1194 777 1793
1217 708 1384 782 „propter
1400 699 1566 771 solertem
1582 700 1726 761 scholae
1743 719 1822 781 pro-

89 830 145 883 tor
162 820 246 882 iuris
263 819 506 901 ecclesiastici,
525 814 758 901 correpetitor
772 820 916 903 linguae
996 819 1206 882 motionem“
1245 820 1388 882 summis
1427 821 1609 883 celebrant
1644 821 1823 883 encomiis,

88 941 258 1024 Gallicae,
277 942 381 1004 discit
398 961 489 1003 nunc
502 941 673 1024 Italicam,
686 942 916 1024 caeteroquin
996 939 1132 1004 Studiis
1153 941 1368 1033 mechanicis
1391 951 1426 1004 et
1446 942 1704 1004 mathematicis
1728 952 1824 1005 totus
1921 934 1926 941 ⁴

88 1066 270 1143 vocalista,
283 1063 499 1146 phlegmatis
511 1064 607 1145 genii
624 1072 660 1126 et
673 1064 806 1146 ingenii
818 1065 914 1146 boni,
996 1074 1149 1146 quantus
1166 1064 1317 1146 dedituS,
1336 1062 1531 1146 Gregorius
1551 1069 1630 1143 1795
1651 1064 1824 1127 Domato-

88 1187 187 1248 cuius
200 1186 542 1267 quidemqualitates
555 1185 658 1247 alteri
671 1186 915 1249 discutiendae
955 1212 958 1281 1
996 1185 1044 1247 vii
1062 1186 1210 1269 „molam
1225 1184 1344 1248 1161111α
1362 1186 1527 1267 propriae
1544 1205 1629 1247 suae
1651 1186 1824 1249 inventio-

87 1311 261 1372 manent.“
287 1307 484 1389 Susceptus
501 1306 687 1388 Sazavsky
709 1308 805 1370 hisce
823 1327 915 1371 com·
996 1308 1050 1369 nis
1067 1308 1265 1371 construxit
1282 1318 1318 1371 et
1334 1307 1546 1391 aedificavit,
1569 1310 1614 1371 de
1636 1329 1705 1391 qua
1721 1330 1824 1392 prae-

88 1433 274 1494 mendatus
296 1441 331 1493 et
357 1452 403 1492 11.
422 1432 509 1511 Apr.
531 1433 610 1508 1775
632 1430 789 1511 indutus,
813 1431 916 1491 abso·
996 1429 1134 1510 positus
1159 1428 1350 1493 Othmarus
1374 1430 1409 1492 in
1433 1450 1497 1492 suo
1522 1431 1685 1514 ,diario“,
1713 1451 1823 1515 ,opus

88 1555 161 1614 luto
183 1553 334 1614 tirocinii
351 1571 443 1614 anno
459 1571 671 1633 perannum
687 1551 782 1613 dorni
798 1551 916 1612 studia
996 1553 1083 1614 hoc“
1100 1552 1215 1633 inquit
1233 1553 1317 1635 „toti
1334 1553 1414 1615 huic
1428 1552 1578 1615 viciniae
1592 1554 1658 1616 erit
1670 1555 1824 1617 maxime

87 1674 304 1757 theologica,
331 1684 406 1737 tum
434 1693 519 1736 vero
548 1693 612 1755 per
639 1673 819 1735 biennium
845 1692 916 1735 una
996 1672 1190 1754 proficuum
1214 1684 1250 1736 et
1272 1674 1337 1735 toti
1358 1674 1562 1754 provinciae
1583 1675 1823 1737 imitandum“.

87 1817 165 1859 cum
178 1797 381 1878 Augustino
395 1797 510 1877 Koch,
525 1815 676 1876 quocum
689 1794 812 1857 intima
826 1814 916 1857 sem-
997 1796 1066 1858 Ast
1082 1815 1166 1877 spes
1179 1797 1422 1877 praepositum
1435 1816 1547 1879 aeque
1560 1818 1601 1860 ac
1612 1796 1823 1880 Gregorium

87 1939 150 2000 per
173 1917 342 1980 remansit
371 1917 610 1979 familiaritate
642 1917 848 1980 coniunctus
881 1917 916 1979 in
954 1890 958 1975 1
996 1928 1153 1980 nostrum
1178 1918 1313 2000 fefellit,
1338 1929 1499 2001 sumptus
1525 1941 1606 1982 1200
1628 1919 1661 1982 fl.
1683 1921 1823 2002 perditi,

88 2040 335 2121 universitate,
364 2041 519 2102 Brunam
547 2040 628 2101 inde
657 2041 703 2101 ab
731 2039 916 2103 Olomucio
955 1994 958 2125 1
996 2042 1088 2103 mola
1104 2041 1182 2123 ipsa
1203 2062 1281 2121 1797
1304 2043 1446 2105 abolita.
1471 2042 1623 2104 Felicior
1643 2043 1679 2104 in
1701 2043 1821 2104 inven-

87 2163 273 2242 translata,
305 2162 422 2223 studia
447 2161 611 2242 praefata
634 2160 855 2224 continuavit
881 2168 916 2223 et
955 2192 957 2199 ·
996 2163 1092 2226 tione
1111 2164 1331 2226 instrumenti
1352 2165 1398 2226 ad
1416 2163 1651 2226 dimetiendas
1675 2140 1821 2226 arbores

86 2285 250 2363 absolvit,
269 2284 552 2362 intereazqdun.
571 2288 651 2362 1780
664 2282 824 2345 sollemni
836 2302 916 2363 pro·
996 2303 1023 2348 5.
1040 2286 1072 2346 d.
1091 2285 1380 2366 „Baummesser“
1398 2286 1522 2366 evasit,
1540 2287 1584 2347 de
1601 2305 1671 2367 quo
1685 2275 1821 2366 specia-
1907 2350 1911 2355 ,

88 2405 243 2467 sessione
268 2405 396 2466 emissa
420 2412 456 2466 et
481 2403 676 2486 Gregorius
703 2405 915 2486 appellatuS,
955 2426 957 2439 ¹
995 2407 1063 2468 lem
1078 2426 1273 2469 sermonem
1287 2412 1473 2470 0111101810
1485 2408 1626 2469 Brunae
1639 2407 1737 2489 typis
1750 2407 1821 2469 edi-

87 2538 262 2609 perpetuo
287 2526 428 2589 vinculo
453 2527 625 2589 coenobio
650 2536 771 2589 nostro
795 2524 916 2588 'addic-
954 2488 957 2589 1
996 2527 1057 2590 dit.
1093 2528 1180 2591 Post
1208 2529 1342 2591 obitum
1369 2528 1624 2593 P.'Sarcandri
1652 2527 1822 2592 Globisch

85 2659 158 2729 tus,
183 2661 218 2710 et
242 2648 277 2710 in
303 2648 449 2729 angaria
477 2648 682 2710 adventuali
711 2649 746 2709 in
774 2648 915 2710 subdia·
953 2690 956 2735 1
999 2649 1251 2713 15.Mart.1801
1271 2652 1315 2712 ad
1329 2659 1515 2713 vacantem
1529 2651 1761 2732 capellaniam
1772 2652 1822 2713 lo-

86 2792 222 2853 conum,
241 2776 317 2849 1781
335 2770 392 2832 die
406 2791 456 2833 22.
468 2768 567 2852 Sept.
581 2790 666 2832 vero
679 2771 716 2833 in
729 2771 914 2834 diaconum
953 2760 956 2869 1
994 2772 1106 2833 calem
1124 2770 1395 2854 Syrovicensem
1414 2771 1609 2856 Gregorius
1629 2774 1822 2835 translatus

84 2902 276 2973 promotus.
295 2961 301 2975 .
317 2892 451 2954 Redux
483 2912 528 2954 ex
559 2893 790 2955 universitate
822 2912 914 2956 anno
953 2874 955 2905 ¹

994 2904 1058 2974 est,
1076 2895 1169 2955 unde
1185 2896 1230 2956 ad
1243 2894 1437 2976 prioratum
1450 2894 1748 2977 Raigradiensem
1761 2915 1821 2955 an-

90 3020 167 3094 1783
189 3020 239 3077 25.
257 3016 346 3095 Apr.
364 3035 458 3077 more
476 3025 558 3077 tunc
576 3015 690 3096 solit0,
707 3015 913 3097 priusquam
992 3036 1039 3078 no
1061 3020 1137 3094 1807
1156 3026 1318 3097 vocatus,
1340 3016 1483 3078 biennio
1499 3026 1595 3098 post,
1617 3036 1722 3097 quum
1740 3026 1821 3097 post

87 3141 357 3220 presbyteratus
393 3137 551 3199 ordinem
588 3138 801 3220 susciperet,
833 3158 913 3220 pro·
992 3138 1127 3200 obitum
1164 3138 1310 3200 secundi
1350 3137 1462 3200 curati
1498 3136 1744 3220 Syrovicensis
1780 3138 1819 3200 P.

84 3259 279 3321 sessoribus
314 3258 444 3321 nostris
476 3259 632 3321 Antonio
668 3259 842 3341 Klappitz
877 3270 913 3321 et
992 3258 1203 3341 Wolfgangi
1216 3259 1411 3341 Lukovsky
1428 3268 1571 3321 curatus
1582 3256 1834 3341 Raigradien·'

84 3382 209 3443 Mauro
226 3382 474 3462 Haberhauer,
500 3381 663 3462 praeside
689 3381 820 3443 Alexio
839 3380 912 3443 Ha·
984 3381 1038 3443 sis
1050 3382 1090 3443 P.
1104 3382 1308 3444 Bernardus
1320 3381 1493 3473 Piwonka
1510 3381 1543 3443 in
1556 3383 1670 3444 locum
1684 3383 1821 3444 demor-

84 3503 183 3565 brich
208 3513 232 3566 t.
257 3513 280 3566 t.
307 3502 437 3584 priore,
466 3522 616 3565 examen
640 3503 838 3585 rigorosum
866 3523 912 3565 ex
951 3478 953 3547 1
992 3504 1042 3566 tui
1052 3501 1546 3587 Syroviciisufficiaspiraret,
1556 3504 1821 3586 etiamRaigra-

85 3626 250 3687 universa
276 3625 457 3707 theologia
484 3625 609 3706 subiit,
642 3645 711 3707 quo
738 3625 912 3707 praestito
950 3580 953 3691 1
992 3626 1360 3708 diensemparochiam
1373 3625 1686 3689 administrandam
1699 3645 1821 3689 susce·

85 3770 133 3827 27.
152 3751 184 3812 h.
202 3769 245 3810 rn.
263 3748 405 3810 Brunae
422 3748 457 3810 in
475 3748 669 3810 domestico
690 3750 822 3810 sacello
839 3748 912 3829 epi·
950 3694 954 3821 1
991 3748 1045 3829 pit
1058 3769 1150 3811 anno
1168 3753 1248 3825 1809
1262 3749 1319 3810 die
1336 3754 1382 3811 10.
1396 3748 1469 3811 Ian.
1491 3748 1694 3829 Sequuntur
1707 3767 1820 3811 novae

83 3870 218 3951 scopali
234 3872 280 3931 ad
298 3871 569 3951 presbyteratus
591 3869 749 3932 ordinem
766 3879 912 3932 evectus
993 3871 1262 3954 gratulationes,
1284 3891 1469 3952 novaeque
1486 3870 1521 3932 in
1539 3867 1749 3952 Gregorium
1765 3869 1821 3932 lit-

83 4003 147 4056 est.
167 3992 504 4072 Primitiis29.Apr.
523 3991 721 4074 celebratis,
735 3991 912 4074 inquibus
951 4012 954 4059 ι
992 4005 1091 4056 terae
1107 3993 1322 4056 honorificae
1339 3995 1384 4056 ob
1399 3994 1509 4055 zelum
1521 3990 1736 4054 laudabilem
1750 4010 1821 4053 0111-

83 4115 234 4177 Alexius
264 4114 424 4177 Habrich
460 4134 524 4195 pro
562 4113 731 4178 concione
762 4116 912 4195 dixerat,
992 4116 1098 4197 nique
1121 4117 1334 4196 exceptione
1355 4114 1523 4177 maiorem
1539 4114 1574 4176 in
1591 4134 1674 4177 cura
1690 4114 1822 4176 anima-

85 4237 281 4320 Gregorius
298 4237 524 4299 constituitur
539 4236 788 4300 refectorarius
803 4256 845 4300 ac
861 4237 912 4299 in·
951 4212 954 4321 1
992 4258 1067 4300 rurn
1085 4249 1279 4312 ostensum;
1303 4238 1399 4300 sice.
1417 4257 1468 4319 gr.
1487 4260 1516 4315 4.
1533 4238 1605 4300 Ian.
1627 4241 1705 4298 1812
1724 4257 1745 4298 a
1762 4239 1821 4299 de-

84 4361 188 4422 simul
211 4368 423 4440 praecentor
447 4369 482 4420 et
510 4357 715 4421 catechista.
746 4358 912 4421 Triennio
951 4326 954 4433 1
994 4380 1083 4423 cano
1100 4360 1309 4423 Rossicensi
1325 4360 1368 4422 D.
1382 4358 1523 4439 Mucha,
1540 4378 1688 4422 necnon
1706 4378 1821 4421 acon-

83 4452 180 4563 post,
212 4481 333 4543 audita
365 4481 503 4543 interim
532 4482 674 4544 Brunae
701 4482 911 4564 methodica,
951 4508 954 4631 1
992 4480 1716 4564 sulibusDomasoviensietSyrovicensi,
1734 4480 1821 4543 etin

84 4612 113 4666 o.
132 4605 235 4667 Febr.
258 4607 337 4683 1780
355 4603 636 4685 cooperatoriam
652 4604 792 4686 accepit
811 4603 912 4666 iuris·
951 4642 954 4675 r
992 4604 1152 4686 generali
1168 4604 1382 4684 visitatione,
1404 4623 1510 4684 quam
1526 4602 1716 4682 episcopus
1733 4602 1821 4662 Bru-

83 4725 272 4787 dictionem
300 4745 364 4806 pro
386 4724 565 4806 Raigrad,
595 4733 630 4787 et
655 4745 704 4786 22.
727 4723 806 4789 Oct.
833 4729 912 4803 1789
951 4700 954 4825 1
993 4727 1113 4788 nensis
1135 4749 1165 4803 4.
1189 4725 1374 4804 1111111811
1397 4723 1587 4805 Raigradii
1611 4724 1820 4804 peragebat,

83 4857 331 4928 praesentatus
355 4857 393 4908 ut
414 4856 623 4927 cooperator
647 4846 770 4908 localis
790 4847 826 4908 in
841 4848 913 4909 Do·
951 4904 954 4913 ,
992 4848 1086 4909 idem
1112 4847 1147 4908 in
1175 4846 1334 4928 acceptis
1361 4847 1531 4910 retulerat
1564 4844 1618 4924 ,in
1647 4843 1820 4926 Gregorio

82 4953 214 5049 masov,
237 4969 368 5030 ibidem
391 4970 455 5030 sub
473 4969 668 5031 directione
690 4968 913 5031 administra·
951 4940 954 5057 1
993 4968 1224 5050 conspexisse
1251 4969 1378 5049 virum,
1408 4968 1467 5048 qui
1495 4964 1603 5028 officii
1628 4966 1682 5027 sui
1707 4965 1821 5027 sancti

82 5092 168 5153 toris
194 5091 307 5153 curati
331 5090 615 5173 Nigrofanensis,
641 5110 753 5172 usque
777 5092 823 5153 ad
847 5090 912 5154 Ca·
951 5076 954 5189 1
993 5090 1155 5172 partibus
1179 5089 1373 5170 exemplari
1400 5108 1479 5150 cum
1502 5088 1639 5170 pietate
1666 5107 1712 5150 ex
1739 5105 1820 5149 asse

82 5216 207 5275 lendas
221 5214 341 5275 Martii
362 5219 438 5275 1801
460 5235 566 5276 curae
579 5213 772 5276 animarum
788 5214 912 5276 sedulo
952 5194 954 5225 ¹
992 5213 1210 5293 respondere
1228 5213 1405 5292 cordaque
1420 5209 1577 5273 fidelium
1593 5229 1736 5272 suorum
1752 5209 1820 5270 sibi

82 5335 251 5415 incubuit,
261 5337 355 5416 quod
365 5337 485 5398 variae
494 5317 744 5400 attestationes
740 5335 912 5429 inprimis
951 5306 954 5435 1
993 5335 1172 5399 devincire
1186 5354 1205 5396 e
1218 5354 1302 5397 vero
1312 5332 1458 5396 noscit“.
1474 5333 1561 5394 Post
1574 5331 1708 5394 obitum
1718 5350 1820 5411 prae·

82 5480 152 5521 una
169 5459 346 5539 capitanci
365 5459 545 5522 districtus
562 5459 755 5522 Brunensis
772 5460 844 5523 dt0.
861 5464 911 5522 26.
951 5440 954 5517 i
993 5458 1101 5539 positi
1118 5457 1279 5523 Othmari
1297 5456 1353 5519 die
1374 5459 1421 5517 13.
1434 5454 1509 5517 Iun.
1528 5458 1606 5516 1812
1624 5452 1721 5534 prior
1733 5450 1821 5515 Gre-

1562 5558 1613 5621 50*
