4252 6112
938 469 1195 541 ,5.-

190 662 318 733 monte,
347 657 514 730 1815-24
532 653 662 715 laurini
679 654 774 734 apud
792 653 952 715 alumnos
968 673 1022 715 or·
1061 657 1064 699 ¹

190 774 292 854 dinis,
315 778 481 851 1824-26
498 774 661 855 superior
676 776 801 836 domus
818 783 854 836 et
869 774 1023 836 director

189 917 310 979 gymn.
326 896 467 976 Iaurini,
490 900 655 974 1826-29
672 895 827 975 Posonii,
853 900 1018 974 1829—42

190 1019 400 1082 secretarius
423 1038 509 1081 suae
534 1018 746 1081 illustritatis
769 1018 1021 1097 archiabbatis,

195 1146 363 1219 1842-70
378 1140 597 1203 archivarius
619 1150 655 1202 et
675 1138 964 1202 bibliothecarius
987 1139 1022 1201 in

190 1283 217 1325 s.
234 1273 364 1343 monte,
385 1267 551 1342 1870-75
568 1261 771 1343 praefectus
784 1261 1021 1323 bibliothecae

190 1386 331 1465 ibidem,
341 1385 469 1467 quibus
483 1383 609 1447 officiis
619 1383 780 1446 omnibus
793 1402 928 1445 summa
942 1403 1021 1446 cum

190 1507 295 1569 laude
318 1506 432 1589 gestis
457 1515 493 1568 et
517 1526 610 1568 anno
635 1508 712 1566 1861
736 1504 889 1567 iubilaeo
906 1525 1021 1567 sacer·

192 1628 302 1690 dotali
324 1628 504 1691 celebrato
527 1627 583 1689 die
609 1646 656 1688 10.
674 1625 778 1688 Febr.
799 1630 877 1705 1875
904 1626 962 1708 pie
986 1627 1021 1688 in

191 1751 342 1814 Domino
359 1750 584 1813 obdormivit.

278 1892 318 1953 In
349 1893 454 1952 rebus
485 1891 520 1951 in
551 1889 673 1971 primis
700 1888 874 1951 historicis
902 1907 1022 1950 versa·

191 2013 357 2094 tissimus,
385 2032 520 2075 summa
547 2011 732 2093 diligentia
760 2020 796 2073 et
822 2030 906 2072 cura
933 2011 1021 2072 haec

191 2136 347 2217 scripsit:

279 2281 301 2336 Ι.
326 2280 463 2335 Damiani
486 2278 650 2335 Fuxhoffcr
672 2276 853 2333 benedictini
878 2277 1021 2333 Pannonii

191 2383 478 2457 Monasteriologiae
495 2384 579 2455 regni
598 2383 772 2456 Hungariae
793 2379 859 2436 libri
876 2379 935 2435 duo
953 2380 1022 2436 toti·

191 2489 258 2544 dem
284 2489 371 2544 tomis
396 2487 615 2561 comprehensi.
646 2487 850 2559 Recognovit,
874 2484 911 2540 ad
935 2484 1022 2540 fidem

192 2592 317 2649 sontium
334 2593 489 2646 revocavit
508 2604 538 2645 et
554 2592 636 2646 auxit
652 2591 773 2645 Maurus
790 2589 908 2653 Czinar,
929 2587 1022 2644 bene-

191 2697 320 2753 dictinus
341 2714 437 2769 aeque
459 2695 639 2761 Pannonius,
661 2691 884 2751 archicoenobii
902 2713 925 2749 s.
944 2694 1024 2748 Mar·

192 2802 244 2858 tini
261 2800 384 2867 archivi,
402 2817 573 2855 museorum
590 2812 620 2854 et
635 2797 772 2855 biblioth.
790 2811 903 2855 custos.
936 2798 1023 2854 Curis

193 2919 223 2962 et
236 2905 378 2980 impensis
391 2904 546 2960 societatis
560 2923 583 2959 S.
594 2902 749 2978 Stephani.
764 2904 886 2958 Pestini.
900 2901 989 2957 'I”0m.
1001 2902 1023 2957 I.

193 3010 291 3086 Typis
315 3009 436 3064 loannis
459 3009 549 3064 Herz.
580 3006 669 3081 1858.
695 3013 737 3079 40.
762 3006 832 3062 XIV
853 3011 885 3078 -1-
906 3004 969 3078 346
995 3024 1023 3081 p.

194 3115 222 3170 T
224 3134 284 3172 om.
302 3113 340 3169 II.
361 3111 452 3169 1860.
470 3113 567 3188 Typis
584 3111 713 3168 Gustavi
730 3111 846 3167 Emich.
869 3117 912 3183 40.
934 3111 976 3168 VI
999 3120 1026 3179 1

195 3235 257 3293 240
274 3239 303 3294 p.

281 3351 319 3406 II.
348 3348 439 3404 Index
466 3345 674 3423 alphabeticus
703 3347 816 3404 codicis
841 3346 1025 3422 diplomatici

194 3455 368 3528 Hungariae
385 3471 440 3527 per
456 3451 622 3526 Georgium
640 3451 728 3526 Fejer
744 3450 824 3507 editi.
850 3451 935 3507 Iussu
957 3468 1027 3507 aca-

194 3559 309 3615 demiae
335 3560 440 3614 scient.
466 3558 659 3630 Hungaricae
688 3558 879 3612 concinnavit
902 3557 1026 3611 Maurus

195 3663 311 3729 Czinar,
321 3681 350 3718 0.
359 3681 383 3718 S.
394 3662 426 3717 B.
441 3662 562 3717 Pestini.
577 3660 896 3735 impressitGustavus
910 3660 1025 3716 Emich.

201 3767 290 3824 1866.
308 3766 350 3823 8⁰.
367 3767 437 3822 XVI
454 3769 489 3837 -1-
505 3780 567 3838 550
584 3785 614 3841 p.

283 3898 335 3952 III.
361 3898 488 3953 Carmen
510 3894 645 3951 iubilaeis
666 3894 831 3952 honoribus
853 3896 892 3952 ill.
910 3916 944 3952 ac
962 3915 1024 3952 rev.

196 4001 306 4057 domini
329 4000 439 4056 domini
461 4000 581 4075 Iosephi
604 4000 663 4055 Vilt
687 4001 822 4075 episcopi
846 4002 1026 4057 laurinensis

196 4104 235 4161 ab
263 4103 480 4161 exsultantibus
506 4104 737 4178 archigymnasii
767 4104 875 4159 Iaurin.
900 4105 1026 4161 alumnis

196 4209 322 4265 affectV
338 4209 434 4264 saCro
451 4208 620 4264 DICatVM.
645 4207 742 4283 ‘lypis
764 4206 872 4264 viduae
894 4208 1028 4265 Helenae

120 4353 130 4369 .
197 4311 342 4387 Streibig.
360 4319 402 4386 40.
421 4311 439 4369 8
456 4333 486 4388 p.

285 4444 334 4500 IV.
352 4443 419 4499 Ode
439 4445 539 4514 „Inter
552 4442 738 4517 triumphos‘·
758 4442 841 4499 vide:
861 4443 1028 4513 ,Collectio

198 4550 458 4615 monimentorum,
480 4566 558 4622 quae
580 4548 608 4601 in
629 4547 801 4602 memoriam
825 4544 1029 4604 bibliothecae

197 4653 419 4730 Apponyianae
436 4650 586 4708 custodita
598 4653 696 4707 sunt.“
717 4652 848 4707 Posonii.
862 4651 1029 4727 TypisCa·

198 4757 253 4815 roli
270 4756 430 4813 Suischek.
453 4754 542 4829 1827.
560 4762 604 4828 4⁰.
621 4774 650 4831 p.
669 4753 806 4828 26-29.

286 4890 322 4945 V.
346 4888 415 4944 Ode
436 4887 604 4944 celsissimo
624 4905 660 4942 ac
681 4905 743 4942 rev.
760 4887 886 4963 principi
908 4887 1029 4944 domino

200 4994 304 5048 Ioanni
320 4993 407 5068 Iiapt.
424 4990 606 5066 Scitovszky
628 4990 666 5047 de
682 4990 848 5066 Nagy·Ker
869 4991 1029 5067 metropol.

200 5095 347 5152 ecclesiae
363 5095 581 5171 Strigoniensis
604 5096 846 5172 archiepiscopo,
867 5098 1030 5153 occasione

200 5198 352 5255 sollemnis
372 5201 504 5257 eiusdem
526 5203 764 5276 inaugurationis
781 5201 862 5258 VIII.
881 5199 950 5257 Idus
967 5202 1029 5258 Ian.

200 5302 376 5395 MOCCCL,
392 5303 430 5359 ab
446 5304 653 5362 archiabbatia
668 5325 692 5362 S.
706 5307 823 5362 Martini
840 5305 877 5361 de
890 5325 914 5362 s.
928 5307 1030 5362 Monte

202 5408 373 5464 Pannoniae
389 5427 418 5464 o.
431 5427 455 5464 s.
473 5411 504 5465 B.
522 5408 635 5466 oblata.
653 5412 773 5467 laurini.
795 5409 885 5484 1850.
904 5417 945 5468 20.
963 5410 981 5467 8
999 5432 1029 5490 p.

1191 660 1240 715 VI.
1257 657 1517 735 Gydrvarmegyei
1533 658 1718 716 Sabariardl.
1737 658 1934 733 Szeksoglald

1103 761 1232 820 beszede
1248 764 1356 820 Czinar
1368 764 1435 821 Mor
1451 765 1508 820 lev.
1527 763 1650 837 tagnak.
1667 761 1697 841 (i.
1711 784 1737 819 c.
1752 764 1799 818 De
1808 761 1937 818 Sabaria

1103 868 1131 922 in
1148 869 1291 924 comitatu
1309 870 1419 924 laurin.
1437 871 1503 924 sita.
1521 869 1596 925 Cum
1610 870 1638 923 in
1651 868 1834 923 academiam
1853 867 1937 924 erud.

1103 972 1203 1046 Hung.
1214 971 1428 1050 adlegaretur.)
1442 974 1473 1028 In
1484 975 1598 1048 scripto
1607 971 1728 1048 period:
1746 972 1800 1046 ,Uj
1810 973 1939 1046 Magyar

1102 1075 1270 1132 Muzeum“.
1293 1076 1383 1149 1859.
1401 1077 1437 1132 II.
1456 1096 1485 1152 p.
1503 1074 1684 1149 515-526.

1188 1199 1254 1254 VII.
1280 1200 1384 1254 Brevis
1408 1213 1589 1273 conspectus
1612 1195 1755 1253 abbatum
1782 1210 1811 1253 et
1836 1197 1938 1251 archi-

1101 1300 1253 1368 abbatum,
1270 1301 1507 1377 gubernatorum
1524 1317 1554 1359 ct
1567 1303 1843 1359 administratorum
1858 1302 1936 1374 regii

1101 1420 1131 1462 et
1147 1410 1246 1464 native
1263 1409 1372 1463 exemti
1391 1409 1563 1463 monasterii
1579 1407 1736 1462 s.'Martini
1754 1406 1791 1461 de
1808 1424 1833 1460 s.
1848 1406 1888 1460 M.
1900 1405 1933 1459 Ρ.

1101 1512 1166 1568 ord.
1188 1531 1212 1567 S.
1235 1511 1402 1577 Benedicti,
1427 1513 1506 1567 serie
1531 1510 1749 1583 chronologica
1773 1507 1937 1564 exhibitus.

1102 1616 1135 1671 In
1150 1616 1364 1672 schematismo
1380 1615 1493 1671 ordinis
1509 1634 1588 1672 anno
1609 1614 1699 1686 1841.
1718 1613 1760 1670 80.
1777 1628 1816 1684 32
1836 1632 1867 1688 p.
1893 1613 1938 1668 Id.

1101 1732 1208 1776 auctus
1224 1716 1303 1776 anno
1324 1721 1402 1792 1842
1425 1734 1456 1776 et
1481 1719 1560 1792 1844
1581 1734 1611 1775 et
1637 1718 1726 1791 1846.
1748 1737 1778 1794 p.
1795 1732 1938 1790 30—59.

1188 1843 1268 1898 VIII.
1286 1841 1381 1898 Sacer
1397 1844 1484 1899 Mons
1501 1843 1672 1898 Pannoniae
1689 1860 1766 1896 aevo
1784 1852 1889 1895 vetere
1907 1854 1940 1894 et

1103 1944 1251 2002 cunabula
1267 1945 1456 2003 benedictina
1473 1949 1645 2002 monasterii
1663 1965 1687 2001 S.
1706 1947 1825 2001 Martini
1843 1962 1939 2019 super

1102 2070 1140 2107 eo
1157 2052 1215 2106 siti.
1241 2048 1285 2106 Ib.
1307 2049 1397 2123 1846.
1416 2071 1445 2127 p.
1465 2065 1578 2124 7—29.

1189 2174 1241 2229 IX.
1264 2175 1430 2247 Catalogus
1451 2172 1594 2230 librorum
1617 2171 1820 2229 bibliothecae
1837 2170 1941 2226 archi·

1102 2276 1279 2335 coenobiis.
1293 2280 1410 2334 Martini
1424 2278 1498 2334 des.
1512 2279 1614 2334 Monte
1628 2278 1799 2332 Pannoniae
1813 2294 1842 2330 0.
1857 2294 1882 2330 S.
1894 2275 1940 2340 B.,

1102 2382 1265 2439 secundum
1281 2385 1391 2439 scrinia
1407 2397 1437 2439 et
1452 2384 1557 2438 horum
1571 2384 1668 2438 series
1681 2380 1838 2436 deductus.
1857 2379 1940 2435 Con·

1102 2490 1225 2563 scripsit
1245 2489 1368 2543 Maurus
1389 2488 1497 2567 Czinar
1522 2486 1610 2559 1844.
1641 2485 1731 2558 1845.
1757 2500 1772 2540 2
1797 2497 1869 2539 tom.
1896 2489 1941 2538 20.

1103 2592 1174 2648 XIV
1196 2597 1230 2664 -1-
1258 2591 1338 2648 1800
1361 2611 1390 2666 p.
1415 2592 1470 2648 Ms.
1489 2591 1617 2647 Adserv.
1644 2592 1672 2645 in
1693 2588 1831 2644 biblioth.
1858 2590 1888 2641 in
1913 2607 1940 2642 S.

1105 2711 1216 2753 monte.

1191 2803 1228 2858 X.
1239 2803 1449 2878 Repertorium
1464 2799 1607 2856 librorum
1620 2797 1824 2855 bibliothecae
1837 2796 1942 2851 archi·

1106 2905 1245 2963 coenobii
1262 2927 1286 2963 s.
1303 2907 1422 2962 Martini
1439 2919 1496 2961 cet.
1522 2903 1659 2961 Confecit
1680 2903 1802 2957 Maurus
1820 2899 1941 2957 Czinar.

1106 3012 1179 3066 Pars
1204 3013 1296 3086 prior.
1327 3010 1417 3084 1845.
1447 3007 1537 3081 1846.
1567 3014 1609 3064 20.
1637 3006 1736 3063 XVIII
1760 3008 1794 3077 -1-
1818 3004 1882 3077 406
1910 3024 1941 3080 p.

1107 3117 1181 3171 Pars
1197 3117 1359 3191 posterior.
1381 3114 1471 3187 1851.
1489 3115 1517 3168 X
1532 3116 1566 3184 -Ι-
1581 3127 1645 3184 340
1661 3132 1691 3187 p.
1709 3112 1764 3167 MS.
1779 3109 1852 3166 Ads.
1867 3108 1941 3166 ibid.

1193 3221 1245 3276 XI.
1270 3220 1298 3275 T
1301 3220 1650 3294 echnophysiotameion.
1683 3215 1850 3289 Catalogus
1876 3216 1941 3271 col-

1106 3326 1243 3382 lectionis
1274 3325 1450 3380 naturalium
1483 3335 1513 3379 et
1539 3321 1754 3378 artesactorum
1783 3322 1812 3375 in
1839 3320 1941 3376 archi-

1107 3429 1257 3487 coenobio
1273 3449 1297 3485 S.
1315 3430 1433 3484 Martini
1451 3439 1508 3484 cet.
1533 3424 1735 3483 Conscribere
1756 3427 1859 3500 coepit
1882 3424 1941 3479 Pa·

1106 3533 1213 3591 bianus
1237 3533 1360 3601 Szeder,
1388 3533 1520 3590 absolvit
1547 3545 1577 3587 et
1604 3532 1774 3605 repertorio
1799 3530 1941 3584 instruxit

1105 3640 1229 3694 Maurus
1252 3636 1369 3695 Czinair.
1393 3652 1411 3709 3
1438 3637 1496 3693 vol.
1521 3635 1595 3708 360,
1619 3635 1660 3691 VI
1684 3637 1719 3705 -1-
1742 3647 1816 3706 332,
1844 3634 1886 3689 II'
1907 3634 1942 3701 -Ι-

1108 3741 1167 3798 262
1186 3761 1215 3817 p.
1233 3743 1287 3798 Ms.
1306 3741 1378 3798 Ads.
1397 3741 1467 3797 ibid.

1192 3848 1260 3903 XII.
1280 3848 1384 3924 Opera
1405 3845 1552 3903 artesacta
1572 3859 1675 3901 vetera
1697 3845 1811 3920 pariter
1831 3862 1867 3898 ac
1892 3860 1940 3897 re-

1107 3952 1214 4017 centia,
1231 3971 1310 4027 quae
1326 3954 1356 4007 in
1373 3951 1507 4008 conclavi
1525 3951 1579 4006 IV⁰
1596 3951 1688 4004 musei
1711 3945 1939 4003 archicoenobii

1107 4078 1131 4114 3.
1153 4058 1270 4113 Martini
1297 4056 1515 4112 custodiuntur.
1551 4056 1722 4130 Disposuit,
1748 4053 1940 4126 conscripsit,

1108 4164 1279 4239 repertorio
1303 4162 1441 4217 instruxit
1462 4161 1500 4216 M.
1522 4159 1638 4215 Czinar.
1665 4157 1755 4231 1857.
1781 4163 1824 4212 20.
1850 4158 1891 4212 IV
1907 4163 1942 4228 -1-
1984 4152 1995 4171 “

1113 4266 1171 4339 164
1188 4286 1217 4341 p.
1234 4265 1381 4359 Ms..Ads.
1398 4263 1468 4321 ibid.

1194 4372 1276 4427 XIII.
1304 4371 1509 4427 Collectiones
1536 4366 1750 4442 vegetabilium
1777 4367 1938 4422 archicoe-

1108 4473 1189 4531 nobii
1206 4494 1230 4531 s.
1248 4476 1368 4530 Martini
1388 4473 1465 4529 des.
1483 4473 1522 4528 M.
1541 4473 1720 4528 Pannoniae.
1746 4471 1940 4545 Conscripsit

1109 4591 1139 4634 et
1155 4580 1325 4654 repertorio
1341 4579 1479 4633 Instruxit
1495 4577 1534 4632 M.
1552 4576 1668 4632 Czinar.
1695 4574 1784 4648 1849.
1809 4581 1850 4630 20.
1868 4573 1941 4629 VIII

1109 4688 1143 4752 †
1163 4697 1221 4756 109
1238 4701 1267 4757 p.
1284 4683 1341 4738 MS.
1358 4680 1430 4737 Ads.
1448 4678 1519 4736 ibid.

1195 4787 1276 4843 XIV.
1293 4786 1497 4842 Collectiones
1512 4785 1697 4840 mineralium
1714 4781 1942 4839 archicoenobii

1109 4910 1134 4948 s.
1158 4891 1277 4946 Martini
1304 4890 1342 4946 de
1365 4910 1389 4946 S.
1413 4889 1454 4945 M.
1479 4890 1658 4945 Pannoniae.
1693 4889 1883 4962 Conscripsit
1912 4901 1943 4943 et
1967 4934 1973 4947 .

1109 4995 1279 5071 repertorio
1299 4994 1439 5050 instruxit
1458 4991 1632 5050 11011111.
1660 4999 1701 5048 20.
1723 4992 1762 5047 VI
1779 4994 1814 5062 -1-
1835 5004 1891 5064 135
1911 5010 1941 5067 p.

1110 5100 1166 5156 Ms.
1183 5098 1256 5155 Ads.
1273 5097 1344 5154 ibid.

1197 5205 1261 5261 XV.
1288 5204 1500 5279 Repertorium
1525 5201 1668 5259 librorum
1689 5201 1941 5259 bibliothecarum

1109 5308 1240 5364 filialium
1257 5307 1370 5364 ordinis
1386 5309 1492 5374 nostri,
1515 5308 1544 5362 in
1564 5305 1695 5363 abbatiiS
1717 5305 1866 5375 filialibus,
1889 5308 1942 5362 ha·

1109 5431 1236 5488 rumque
1256 5412 1418 5488 parochiis,
1440 5409 1587 5486 collegiiS,
1609 5410 1788 5475 residentiis,
1810 5411 1944 5487 praediis
