4222 6106
944 486 1226 554 ’359-

175 674 263 744 lani
287 670 463 752 absolvit,
480 670 537 732 die
559 691 583 732 1.
597 669 686 734 Nov,
704 674 780 749 1761
800 679 887 732 vota
901 671 1040 732 sollem·
1079 701 1082 797 ,
1120 668 1223 730 simul
1236 668 1343 730 etiam
1356 667 1567 730 secretarius
1580 667 1829 731 archiabbatis
1843 667 1954 730 Anno

182 802 246 866 nia
268 792 401 857 emisit
418 803 455 855 et
470 813 577 875 quum
601 792 719 855 studia
735 791 937 873 theologica
960 811 1041 872 par·
1079 804 1082 855 Ι
1125 795 1203 853 1865
1222 792 1335 853 abbas
1353 792 1396 853 de
1412 791 1566 852 Diimiilk
1587 791 1797 872 nominatus,
1819 790 1951 853 ibidem

187 926 255 988 tim
276 915 491 997 Cremifani,
507 915 637 997 partim
652 913 852 995 Salisburgi
869 913 1041 976 absolvis·
1121 913 1177 975 die
1196 933 1241 992 17.
1256 914 1329 976 lan.
1347 918 1424 992 1873
1440 913 1497 995 pie
1513 913 1547 974 in
1560 913 1711 975 Domino
1725 913 1950 978 obdormivit.

191 1054 260 1125 set,
293 1038 358 1101 die
383 1059 412 1100 2.
430 1038 533 1100 Febr.
559 1042 640 1117 1764
663 1047 851 1120 neomysta
874 1038 920 1099 111
944 1055 1041 1098 aram

194 1164 319 1231 stetit.
349 1160 479 1223 Primis
503 1159 693 1223 sacerdotii
714 1158 815 1221 annis
838 1156 1041 1240 grammati·

1208 1034 1377 1117 Scripsit:

1208 1162 1229 1216 I.
1257 1162 1451 1236 Pacrlagogia
1476 1175 1506 1218 et
1530 1161 1688 1219 tlidactica.
1713 1169 1755 1235 4⁰.
1784 1161 1821 1237 78
1839 1183 1868 1239 p.
1895 1166 1953 1221 ills.

197 1306 292 1365 cam,
321 1279 1041 1365 1776p0eticam,abanno1777rhet0ri·
1120 1264 1249 1321 Adserr.
1267 1267 1295 1321 in
1311 1265 1447 1322 biblioth.
1466 1267 1588 1322 centrali
1606 1269 1634 1322 in
1651 1286 1675 1324 5.
1694 1282 1804 1324 monte.

200 1396 282 1472 ca'rn
311 1406 461 1468 iuvenes
483 1405 681 1467 litterarum
705 1403 883 1466 studiosos
906 1401 1040 1471 docuit:

202 1530 341 1593 deinde
352 1527 542 1610 parochias
553 1527 765 1607 Pischlham,
779 1527 825 1588 ad
838 1545 864 1587 s.
877 1523 1040 1605 Conradi,

206 1650 439 1732 Sipbachzell
454 1670 586 1732 magna
602 1669 680 1712 cum
697 1649 803 1710 laude
820 1646 1042 1709 administra·

206 1772 265 1834 vit.
293 1773 357 1835 Ad
370 1774 562 1835 coelestem
577 1771 729 1853 patriam
745 1768 906 1832 ascendit
919 1768 976 1831 die
993 1772 1040 1830 16.

208 1894 281 1957 11111.
301 1895 385 1957 anni
406 1899 497 1957 1808.
526 1894 577 1957 Ut
597 1893 752 1958 studium
771 1892 915 1974 linguae
932 1889 1042 1953 Grae·

209 2033 268 2077 cae
293 2016 482 2099 discipulis
505 2016 644 2080 facilius
668 2014 943 2097 expeditiusque
963 2015 1043 2075 red·

209 2135 325 2220 deret,
341 2139 552 2220 conscripsit
569 2150 604 2202 et
620 2139 717 2222 typis
730 2136 892 2220 vulgavit
903 2136 1041 2216 librum,

209 2275 277 2336 quo
290 2280 359 2342 per
370 2263 501 2326 multos
513 2281 624 2324 annos
638 2261 780 2323 scholae
790 2257 987 2321 Bavaricae
997 2276 1042 2318 ex

207 2386 382 2447 mandato
397 2384 569 2466 principis
585 2383 620 2445 in
637 2380 937 2464 praelectionibus
956 2399 1043 2442 usae

204 2516 310 2568 sunt:

300 2632 475 2707 Einleitung
491 2652 543 2689 zur
555 2632 763 2706 griechischen
776 2629 914 2706 Sprache
932 2629 978 2685 sur
994 2629 1043 2684 1111

202 2726 717 2794 1111165611111511115111168111111111.
732 2731 761 2812 (i.
775 2754 801 2792 e.
815 2733 1000 2790 introductio
1015 2735 1042 2788 in

200 2828 343 2908 linguam
371 2842 520 2899 Graecam
548 2843 613 2897 usui
642 2839 811 2897 scholarum
837 2836 1042 2895 Cremilanen·

199 2934 311 3023 sium.)
328 2945 426 3022 Steyr,
449 2944 538 3020 1776.
557 2944 598 3002 8⁰.
616 2960 680 3017 350
697 2964 725 3020 p.

297 3064 450 3130 Omnem
478 3065 585 3128 studii
615 3063 860 3126 difficultatem
888 3061 1042 3140 compla-

198 3188 360 3250 n&iturus
376 3189 540 3270 proximo
556 3206 649 3249 anno
665 3186 763 3270 typis
780 3184 905 3247 edidit:

298 3313 506 3372 Worterbuch
544 3333 595 3369 zur
628 3312 823 3387 grilndlichen
853 3310 1042 3367 Vcrdolmet·

200 3406 330 3495 schung
357 3420 411 3476 der
439 3418 647 3495 griechischen
671 3416 904 3483 Schriltsteller‚
929 3415 1042 3471 welche

201 3503 257 3566 def
294 3542 361 3579 zum
393 3522 576 3580 Gebrauche
612 3523 666 3578 der
702 3520 1042 3577 kremsmlinsterischen

202 3605 346 3686 Schulen
368 3629 539 3685 versassten
562 3629 736 3702 Einleitung
759 3645 812 3682 zur
834 3625 1043 3699 griechischen

203 3712 351 3793 SPsache
369 3733 529 3809 beigeh'igt
549 3732 624 3789 sind.
649 3730 678 3810 (i.
697 3752 722 3789 e.
745 3733 881 3787 Lexicon
898 3729 934 3786 ad
953 3732 1043 3784 inter·

204 3834 379 3894 iterandos
396 3840 563 3913 scriptores
580 3836 733 3902 Graecos,
757 3839 807 3911 qui
829 3834 1043 3892 introductioni

204 3920 234 3979 5¹¹
252 3930 390 4018 linguam
408 3944 557 3999 Graecam
575 3943 639 3997 usui
656 3942 825 3997 scholarum
840 3938 1043 3995 Cremisanen·

204 4028 287 4099 sium
305 4051 435 4125 scriptae
448 4048 554 4104 adnexi
568 4044 657 4125 sunt.)
670 4045 769 4122 Steyr,
784 4058 874 4118 1777.
890 4043 930 4100 8⁰.
945 4056 1001 4116 107
1013 4062 1042 4118 p.

302 4209 463 4288 Petheb
480 4224 707 4287 Damianos
725 4223 926 4304 Iosephus
941 4225 1001 4304 (de
1016 4242 1042 4284 5.

200 4312 357 4406 Monte
374 4343 645 4424 Pannoniae),
674 4344 787 4404 abbas
810 4341 852 4403 B.
869 4341 916 4403 M.
930 4340 973 4401 V.
999 4342 1042 4402 111

197 4430 376 4549 ΒόῐηὸΠς,
394 4464 567 4530 Sabariae
584 4484 670 4527 com.
689 4463 829 4527 Castris.
847 4463 882 4525 in
895 4463 1043 4545 Hunga-

193 4558 250 4629 ‘ia
272 4588 340 4651 die
360 4593 409 4652 15.
424 4588 530 4650 Febr.
547 4591 630 4649 1805
652 4596 767 4667 natuS,
791 4606 819 4647 s.
839 4584 963 4648 habitu
985 4584 1042 4645 die

193 4687 248 4752 ¹⁶·
274 4706 361 4775 Oct.
383 4716 461 4773 1822
488 4710 647 4790 indutus,
672 4718 756 4770 vota
780 4706 963 4769 sollemnia
985 4705 1042 4767 die

188 4811 247 4878 Ῑ7·
266 4819 341 4896 Iul.
358 4837 436 4911 1827
455 4831 573 4894 emisit
588 4840 624 4893 et
640 4829 812 4892 absolutis
829 4829 864 4890 in
880 4848 906 4889 s.
923 4838 1042 4890 monte

177 4928 210 4979 ⁸·
233 4942 458 5037 theologiae
477 4953 604 5016 studiis
625 4954 682 5016 die
701 4973 728 5033 7.
746 4955 841 5037 Aug.
862 4956 941 5016 1828
964 4970 1042 5032 pre·

170 5036 337 5139 sbyter
353 5076 537 5139 ordinatus
554 5085 618 5138 est.
647 5079 815 5138 1828—30
831 5076 866 5138 in
883 5096 909 5138 5.
924 5086 1042 5138 monte

165 5164 339 5292 {tumis
354 5198 508 5280 vacavit,
536 5202 702 5261 1836-38
725 5197 906 5279 professor
921 5219 1041 5281 gymn.

165 5288 337 5404 Jinsii,
351 5325 518 5384 1838-65
527 5322 707 5402 professor
716 5321 918 5403 theologiae
930 5340 1042 5383 mora·

165 5406 224 5471 [θ’
254 5454 306 5507 et
322 5443 515 5525 pastoralis
536 5443 571 5506 in
591 5464 618 5507 5.
635 5453 765 5524 monte,
786 5444 832 5505 ab
848 5462 941 5505 anno
963 5448 1043 5506 1856

1208 1371 1245 1425 ΙΙ.
1263 1371 1427 1426 Pastoralis
1444 1384 1474 1426 et
1490 1370 1670 1428 homiletica.
1693 1379 1736 1444 4⁰.
1761 1388 1777 1429 2
1797 1371 1870 1430 lasc.
1892 1388 1948 1430 112

1120 1479 1153 1543 -l-
1171 1471 1212 1529 (10
1228 1494 1257 1549 p.
1276 1475 1331 1529 Ms.
1349 1473 1476 1530 Adserv.
1495 1474 1569 1531 Ihid.

1208 1579 1260 1634 Ill.
1282 1577 1439 1635 Didactica
1460 1592 1489 1634 ct
1506 1579 1686 1635 methodica.
1711 1586 1753 1651 4⁰.
1781 1579 1819 1654 76
1842 1600 1872 1656 p.
1895 1583 1951 1638 115.

1121 1681 1250 1739 Adserv.
1269 1681 1339 1739 111111.

1208 1831 1385 1903 Petrack
1404 1841 1630 1904 Udalricus
1654 1842 1950 1925 (Mellicensis),

1122 1968 1226 2020 natus
1253 1959 1288 2020 in
1316 1959 1508 2021 Bohemiae
1537 1964 1623 2023 urbe
1654 1961 1872 2045 Kiinigsegg
1904 1984 1951 2024 12.

1123 2079 1223 2162 Sept.
1246 2086 1324 2160 1753
1343 2081 1404 2143 vix
1420 2082 1551 2164 primos
1573 2083 1747 2164 pueritiae
1769 2104 1880 2147 annos
1901 2085 1951 2147 in·

1122 2222 1266 2285 gressus
1291 2203 1419 2266 missus
1442 2204 1508 2268 fuit
1534 2207 1578 2266 ad
1604 2208 1744 2268 tabulas
1760 2206 1951 2290 Marianae,

1123 2345 1268 2387 numero
1284 2346 1472 2407 puerorum
1495 2328 1761 2409 adscribendus,
1785 2329 1845 2410 qui
1870 2349 1951 2393 can-

1123 2458 1237 2511 torum
1247 2447 1281 2509 in
1292 2448 1444 2510 ecclesia
1456 2469 1600 2511 munere
1614 2449 1820 2533 funguntur.
1837 2451 1950 2514 Melli-

1124 2570 1215 2632 cium
1232 2571 1277 2632 ad
1296 2571 1530 2633 excolendum
1547 2572 1811 2635 humanioribus
1824 2572 1952 2637 litteris

1123 2692 1303 2775 ingenium
1320 2695 1524 2776 translatuS,
1548 2694 1597 2756 ibi
1623 2700 1669 2757 13.
1686 2695 1776 2758 Nov.
1798 2716 1875 2776 1771
1902 2698 1952 2760 in-

1123 2816 1239 2893 dutus,
1262 2816 1388 2878 studiis
1405 2816 1659 2899 philosophicis
1683 2828 1719 2882 et
1741 2819 1952 2902 theologicis

1122 2937 1294 3000 absolutis
1317 2939 1476 3001 sollemni
1492 2938 1724 3021 professionis
1740 2941 1881 3003 vinculo
1903 2962 1949 3021 17.

1122 3059 1222 3141 Sept.
1245 3081 1322 3139 1777
1341 3081 1420 3123 sese
1437 3062 1628 3125 obstrinxit
1652 3075 1688 3125 et
1705 3068 1733 3126 8.
1750 3061 1849 3145 Sept.
1871 3070 1950 3144 1778

1122 3182 1270 3264 primam
1279 3182 1358 3245 Deo
1370 3184 1522 3246 hostiam
1535 3185 1673 3247 obtulit.
1694 3185 1764 3248 Per
1776 3195 1857 3249 octo
1870 3206 1951 3250 con·

1122 3304 1239 3367 tinuos
1257 3324 1368 3366 annos
1382 3306 1564 3368 tradendis
1580 3306 1785 3370 liberalibus
1801 3319 1837 3371 et
1854 3311 1951 3372 theo·

1121 3426 1247 3508 logicis
1274 3426 1400 3489 litteris
1428 3446 1573 3508 operam
1601 3429 1714 3511 dedit,
1745 3434 1825 3509 1786
1854 3431 1951 3493 iussu

1122 3549 1365 3631 augustissimi
1387 3549 1608 3631 imperatoris
1625 3552 1770 3632 Iosephi
1785 3554 1829 3616 ΙΙ.
1855 3554 1951 3635 prior

1123 3672 1258 3733 electus
1285 3671 1369 3753 fuit,
1402 3692 1472 3752 quo
1500 3692 1643 3735 munere
1675 3693 1739 3755 per
1764 3674 1952 3738 triennium

1122 3794 1265 3856 functus
1290 3803 1353 3857 est.
1386 3794 1529 3856 Electus
1557 3795 1685 3858 deinde
1713 3799 1889 3877 parochus
1917 3808 1952 3861 et

1123 3916 1387 3979 administrator
1409 3916 1666 3999 temporalium,
1689 3939 1764 3981 rem
1784 3921 1952 3983 rusticam

1123 4038 1323 4101 universam
1352 4058 1486 4100 summo
1515 4039 1633 4102 studio
1664 4041 1952 4124 dexteritateque

1123 4159 1309 4239 tractavit,
1342 4169 1377 4222 et
1408 4180 1429 4221 a
1460 4163 1744 4245 caesareo-regia
1779 4165 1951 4228 societate

1123 4281 1350 4344 oeconomica
1365 4281 1560 4344 Viennensi
1581 4285 1712 4347 sodalis
1734 4286 1869 4349 electus
1886 4297 1950 4350 est.

1122 4402 1278 4465 Plurima
1305 4405 1350 4465 ad
1376 4423 1449 4465 rem
1473 4406 1736 4468 oeconomicam
1764 4408 1798 4470 in
1826 4408 1951 4472 melius

1122 4525 1377 4588 restituendam
1401 4536 1436 4588 et
1460 4525 1645 4589 instituere
1662 4538 1698 4590 et
1714 4530 1870 4592 scribere
1888 4552 1950 4612 pa·

1121 4667 1214 4727 rane,
1228 4648 1285 4709 die
1299 4669 1327 4725 9.
1340 4648 1404 4711 Iul.
1423 4654 1502 4726 1814
1520 4649 1712 4729 pituitosae
1725 4652 1856 4732 phthisi
1873 4672 1951 4716 suc-

1123 4770 1254 4831 cubuit.
1280 4768 1445 4850 Scripsit:

1208 4913 1230 4968 1.
1254 4913 1446 4969 l’raktischer
1463 4914 1645 4982 Unterricht,
1667 4915 1724 4970 den
1745 4916 1949 4973 nieder8ster-

1122 5017 1309 5073 reichischen
1337 5015 1445 5073 Salran
1475 5039 1511 5073 zu
1541 5017 1649 5075 bauen.
1681 5015 1710 5096 (i.
1737 5039 1763 5076 1.
1788 5021 1950 5077 Instructio

1122 5123 1256 5196 practica
1284 5120 1320 5177 de
1348 5140 1441 5177 croco
1471 5125 1568 5179 sativo
1597 5120 1747 5202 colendo.)
1773 5124 1863 5180 Wien
1891 5126 1949 5181 und

1123 5225 1211 5298 Prag,
1233 5238 1322 5299 1797.
1341 5224 1383 5283 8⁰.

1209 5346 1246 5402 II.
1275 5348 1401 5404 Cantate
1428 5367 1480 5403 zur
1504 5349 1593 5406 Feier
1620 5350 1674 5406 des
1702 5349 1949 5427 ldnfzigjiihrigen

1123 5451 1354 5509 Priesterthums
1367 5453 1420 5509 des
1433 5454 1572 5510 Pralaten
1586 5451 1687 5511 Urban
1699 5473 1759 5511 von
1772 5456 1862 5514 Melk.
1880 5453 1909 5535 (1.
1922 5476 1948 5514 e.
