4222 6106
974 526 1015 535 -
1060 488 1205 552 LXXII
1249 526 1291 533 —

264 719 448 802 gerathen,
472 736 512 778 so
536 717 630 778 ware
655 716 707 778 sie
731 716 821 778 doch
845 715 879 777 in
905 715 974 777 den
998 715 1169 778 Kliistern
1187 713 1265 779 ¹und
1290 715 1354 779 auf
1374 718 1482 779 deren
1507 714 1644 779 Giitern
1668 717 1840 795 erhalten,
1864 718 1939 778 und
1964 735 2005 777 es

264 856 398 919 kiinnte
422 858 513 920 noch
538 855 594 917 die
620 855 694 917 Zeit
717 855 894 935 kommen,
919 875 974 916 wo
997 875 1079 917 man
1095 855 1146 918 sie
1163 875 1233 918 von
1251 856 1361 918 daher
1377 858 1510 918 ebenso
1526 856 1692 939 begierig
1707 855 1841 918 wieder
1856 857 2004 917 hervor-

264 996 397 1058 suchen
421 993 547 1074 diirfte,
572 994 639 1055 wie
663 1013 745 1056 man
769 993 929 1055 daselbst
959 994 1016 1056 die
1044 996 1135 1056 noch
1162 997 1408 1077 verborgenen
1437 993 1588 1058 Schiitze
1620 996 1683 1057 der
1712 992 2004 1058 Gelehrsamkeit

264 1136 336 1197 und
360 1136 492 1197 andere
517 1134 759 1196 Alterthiimer
782 1132 1048 1197 hervorsucht.“

394 1271 482 1337 Cum
498 1272 599 1335 novis
615 1272 804 1354 parochiis,
829 1292 917 1353 quas
941 1273 1134 1354 imperator
1156 1273 1330 1355 Iosephus
1345 1273 1390 1337 Il.
1414 1293 1507 1335 anno
1538 1277 1616 1351 1783
1642 1273 1794 1335 iusserat
1818 1270 2001 1349 constitui,

264 1432 379 1474 novae
403 1431 543 1493 quoque
568 1411 711 1475 scholae
743 1411 907 1474 conditae
940 1423 1030 1476 sunt.
1077 1412 1220 1493 Earum,
1254 1433 1345 1494 quae
1374 1413 1479 1475 hodie
1510 1412 1544 1474 in
1580 1410 1727 1474 Austria
1758 1410 2001 1489 inveniuntur,

266 1552 464 1632 permultae
488 1571 508 1611 a
532 1550 778 1613 Benedictinis
801 1560 883 1613 sunt
906 1551 1080 1614 conditae.

392 1690 471 1751 Res
502 1689 737 1752 scholasticae
768 1699 803 1752 et
834 1691 1098 1753 ecclesiasticae
1127 1701 1228 1753 erant
1260 1691 1469 1753 coniunctae
1500 1691 1643 1753 vinculo
1675 1689 1871 1769 artissim0,
1905 1692 2002 1772 quod

264 1830 410 1892 multum
432 1830 593 1892 laxatum
617 1841 671 1891 est
695 1829 776 1911 lege
800 1849 892 1892 anno
921 1833 1000 1908 1869
1026 1831 1131 1894 edita.
1177 1830 1392 1894 Patronatus
1416 1831 1634 1911 scholarum,
1667 1829 1727 1910 qui
1756 1831 1943 1909 usquead
1967 1828 2002 1890 id

264 1979 405 2049 tempus
430 1988 451 2029 a
474 1968 721 2049 parochiarum
753 1969 912 2048 patronis
945 1972 1198 2051 exercebatur,
1230 1990 1444 2051 quamquam
1474 1972 1556 2051 plus
1587 1968 1705 2032 oneris
1736 1967 1862 2030 habuit
1894 1988 2001 2049 quam

266 2107 451 2187 commodi,
476 2126 554 2168 cum
579 2126 649 2169 non
674 2108 786 2169 solum
810 2107 971 2189 magistri
1003 2129 1023 2169 a
1053 2109 1213 2189 patronis
1245 2119 1281 2171 et
1312 2109 1465 2190 civibus,
1498 2127 1647 2188 quorum
1679 2106 1802 2169 schola
1834 2125 2002 2188 quaeque

265 2258 352 2326 erat,
376 2256 496 2308 essent
521 2246 742 2308 sustentandi
767 2256 875 2326 atque
898 2247 1156 2327 renumerandi,
1181 2248 1244 2308 sed
1268 2247 1375 2310 etiam
1399 2248 1508 2309 aedes
1532 2247 1812 2315 conservandae,
1838 2246 2004 2308 sublatus

266 2385 536 2465 scholarurnque
560 2404 644 2446 cura
668 2384 810 2465 publica
834 2385 929 2448 facta
955 2397 1019 2449 est.

397 2520 553 2585 Orientis
569 2522 794 2585 Benedictini
810 2523 885 2585 sive
903 2524 1135 2606 congregatio
1152 2524 1456 2586 Mechitharistica
1480 2526 1603 2587 eadem
1627 2525 1802 2587 industria
1824 2524 1862 2586 in
1880 2524 2005 2606 pueris

267 2661 461 2724 educandis
484 2662 758 2743 erudiendisque
775 2672 961 2724 versantur
984 2682 1026 2724 ac
1049 2661 1178 2725 fratres
1195 2663 1230 2725 in
1247 2664 1441 2727 occidente.
1474 2663 1794 2745 Constantinopoli,
1812 2662 2003 2745 Smyrnae,

267 2800 432 2883 Tergesti
455 2802 586 2863 scholis
611 2800 801 2863 maioribus
824 2812 1008 2881 praesunt,
1034 2801 1340 2882 Constantinopoli
1364 2814 1399 2864 et
1424 2802 1572 2884 Aydinii
1600 2802 1804 2866 minoribus.
1846 2802 1945 2864 Dum
1969 2802 2005 2865 in

267 2940 389 3002 schola
413 2938 806 3023 Constantinopolitana
837 2940 969 3001 maiore
1001 2960 1071 3002 non
1102 2941 1160 3003 alii
1192 2941 1260 3003 nisi
1292 2942 1438 3004 iuvenes
1469 2961 1514 3003 ex
1538 2941 1709 3004 Armenia
1740 2940 1879 3004 oriundi
1915 2942 2005 3004 reci-

267 3078 421 3161 piuntur,
446 3080 574 3143 ceteris
599 3081 729 3143 scholis
752 3081 944 3143 maioribus
967 3081 1113 3142 iuvenes
1138 3081 1245 3143 etiam
1262 3081 1340 3142 aliis
1356 3080 1559 3143 nationibus
1576 3080 1644 3142 orti
1659 3092 1815 3142 utuntur.
1848 3078 2007 3144 Scolari·

267 3220 333 3280 bus
350 3218 500 3282 alumnis
517 3230 599 3281 sunt
615 3220 785 3282 discenda
801 3220 923 3302 lingua
939 3219 1075 3299 Latina,
1093 3220 1317 3291 Armeniaca,
1342 3230 1414 3282 tam
1430 3229 1534 3282 vetus
1551 3240 1656 3301 quam
1676 3239 1811 3301 recenS,
1829 3218 2007 3301 Gallaica,

266 3358 401 3439 Italica,
426 3356 648 3438 Germanica,
674 3358 821 3431 (iallica
839 3359 989 3422 Turcica
1013 3370 1048 3421 et
1065 3357 1214 3439 Graeca,
1238 3371 1425 3441 praeterea
1441 3377 1564 3421 omnes
1581 3358 1761 3440 scientiae,
1786 3378 1880 3439 quae
1896 3360 2007 3422 hodie

267 3496 301 3558 in
325 3497 521 3580 gymnasiis
547 3499 662 3561 solent
686 3499 842 3560 tractari.

1035 3844 1141 3908 CAP.
1166 3844 1226 3907 IV.

397 4053 621 4115 Benedictini
646 4065 684 4115 ut
707 4055 741 4115 in
764 4054 884 4135 pueris
909 4053 1114 4116 excolendis
1139 4053 1304 4115 eximiam
1333 4072 1474 4133 semper
1498 4052 1734 4115 exhibuerunt
1758 4070 1928 4133 operam,
1958 4053 2009 4116 ita

270 4193 467 4254 adultorum
503 4193 599 4254 vitae
635 4204 731 4255 recte
767 4192 1007 4255 instituendae
1042 4213 1220 4273 nunquam
1261 4192 1448 4254 defuerunt
1487 4202 1595 4272 atque
1630 4191 1665 4252 in
1700 4190 1853 4271 Alpinas
1888 4169 2009 4253 ualles

269 4331 479 4393 Austriacas
504 4330 699 4393 doctrinam
717 4330 954 4394 Christianam
970 4332 1073 4412 primi
1090 4333 1319 4412 pertulerunt.
1352 4331 1518 4394 Monachi
1535 4351 1561 4393 s.
1579 4329 1687 4402 Petri,
1705 4329 1835 4410 quibus
1851 4328 2007 4410 Iuvavii,

269 4472 304 4534 in
328 4470 461 4553 oppido
485 4470 742 4551 antiquissimo,
775 4471 969 4533 animarum
1001 4491 1084 4533 cura
1116 4484 1191 4533 erat
1223 4471 1427 4539 commissa,
1459 4488 1529 4531 non
1561 4469 1674 4530 solum
1703 4468 1739 4530 in
1769 4478 1866 4530 terra
1894 4466 2011 4533 Salis-

268 4608 440 4693 burgensi
463 4610 592 4672 multas
616 4612 724 4672 aedes
748 4630 868 4673 sacras
884 4609 1172 4691 aedificaverunt,
1197 4611 1291 4674 circa
1308 4630 1396 4691 quas
1417 4610 1554 4671 incolae
1571 4608 1703 4690 Alpini,
1728 4608 1789 4690 qui
1812 4609 1884 4671 late
1903 4620 2010 4671 erant

270 4749 432 4831 dispersi,
457 4750 705 4829 consederunt,
730 4751 793 4811 sed
818 4749 925 4812 etiam
949 4751 1118 4831 episcopo
1131 4749 1283 4831 Virgilio
1307 4750 1439 4811 abbate
1457 4747 1667 4810 Carantanis
1683 4746 1885 4810 Christiana
1901 4768 2010 4830 prae-

270 4898 376 4968 cepta
398 4889 632 4951 tradiderunt.
677 4888 829 4971 Virgilio
854 4899 998 4951 auctore
1022 4888 1225 4965 Modestus,
1250 4887 1440 4969 episcopus
1464 4886 1699 4968 regionariuS,
1729 4883 1848 4949 Slavis
1871 4884 2009 4950 Caran-

270 5026 373 5106 taniS,
398 5028 457 5107 qui
481 5028 622 5090 omnino
648 5028 851 5090 etiamtum
877 5028 1056 5091 erroribus
1081 5027 1232 5090 ethnicis
1258 5027 1518 5105 detinebantur,
1543 5024 1777 5087 Christianam
1793 5024 2011 5107 religionem

272 5165 411 5245 aperuit
434 5176 541 5246 atque
565 5169 674 5229 aedes
698 5187 818 5229 sacras
842 5166 1046 5229 aedificavit
1069 5164 1167 5246 Solii,
1185 5166 1218 5226 V
1220 5166 1336 5245 illacii,
1354 5165 1540 5244 Teurniae,
1557 5165 1592 5226 in
1609 5165 1742 5245 oppido
1757 5164 2011 5228 Romanorum

272 5302 527 5383 antiquissimo.
572 5307 607 5367 Is
630 5307 730 5368 labor
754 5317 825 5369 tam
849 5306 1078 5369 laudabiliter
1102 5315 1290 5386 susceptus
1314 5324 1391 5367 cum
1417 5303 1530 5365 turbis
1562 5303 1596 5364 in
1625 5302 1840 5365 Carantania
1868 5305 2011 5367 exortis

273 5440 494 5503 intermissus
518 5455 623 5525 esset,
648 5466 678 5506 a.
704 5466 763 5523 772
788 5464 920 5527 magno
945 5446 1196 5507 monachorum
1220 5462 1365 5505 numero
1390 5441 1596 5504 monasterii
1619 5460 1645 5504 s.
1670 5440 1766 5504 Petri
1790 5438 2011 5525 Salisburgi,
