4252 6112
934 465 1214 533 ..1„-

202 658 238 710 et
254 646 432 710 Blasianis
456 648 619 711 omnibus
640 647 851 710 adferebant
873 647 1032 730 insignes
1114 648 1279 715 subditis:
1294 648 1466 711 eiusmodi
1478 650 1601 733 litigiis
1612 651 1657 712 de
1666 670 1759 713 anno
1773 650 1807 712 in
1818 671 1954 714 annum

201 790 227 833 S.
245 769 404 832 Pirminii
421 770 582 852 episcopi
604 781 641 832 et
655 769 804 833 'abbatis
821 769 965 852 Augiae
981 769 1032 832 di·
1113 770 1189 834 sere
1217 771 1365 834 invitum
1392 791 1430 834 se
1459 772 1600 853 involvi,
1630 774 1780 836 moleste
1806 773 1953 836 ferebat

200 892 285 955 vitis
309 893 496 974 reliquiae,
522 912 614 974 quae
639 913 684 956 ex
707 892 947 956 munificentia
971 913 1033 955 au·
1113 894 1283 975 pacificus
1312 897 1435 958 abbas.
1467 894 1535 957 Hic
1565 896 1692 958 domus
1721 916 1808 959 suae
1836 916 1952 979 nego-

200 1023 329 1097 gustae
350 1015 486 1078 Mariae
503 1015 696 1079 Theresiae
713 1013 917 1096 Oeniponte
938 1016 985 1077 ad
1005 1033 1032 1076 s,
1072 1008 1076 1099 1
1114 1016 1164 1079 tia
1180 1017 1230 1079 ita
1246 1019 1389 1099 agebat,
1407 1027 1445 1079 ut
1460 1028 1675 1080 monstraret
1696 1037 1827 1080 causae
1848 1018 1952 1081 iusti-

201 1138 360 1200 Blasium
376 1117 641 1219 transportatae
657 1148 693 1201 et
709 1138 766 1201 die
784 1142 831 1201 ro.
844 1137 936 1200 Iunii
952 1156 1031 1216 1777
1072 1116 1075 1237 Ι
1113 1139 1208 1220 tiam,
1226 1139 1277 1201 rei
1293 1149 1460 1202 eventum
1475 1139 1555 1202 Deo
1576 1118 1737 1221 reliquit,
1752 1140 1871 1203 dicere
1893 1160 1951 1205 so-

201 1262 267 1322 sub
288 1261 447 1323 sollemni
470 1261 699 1341 processione
720 1281 741 1322 a
758 1259 936 1322 Blasianis
957 1279 1033 1323 sus·
1071 1269 1075 1363 i
1112 1260 1209 1324 litus:
1229 1259 1396 1344 „SiDeus
1409 1281 1474 1343 pro
1487 1262 1599 1342 nobis,
1610 1262 1689 1344 quis
1702 1273 1826 1325 contra
1839 1282 1907 1325 nos
1915 1265 1948 1325 ?“'

201 1394 343 1464 ceptae,
372 1403 465 1445 novo
492 1382 690 1464 patrocinio
720 1382 944 1444 occasionem
972 1384 1033 1444 de·
1113 1382 1213 1446 cuius
1226 1383 1333 1446 etiarn
1345 1383 1514 1446 auxilium
1526 1384 1756 1447 fortissimum
1766 1405 1950 1467 nunquam

201 1506 337 1568 derunt.
358 1504 555 1586 Antiquum
572 1515 608 1567 et
623 1525 745 1567 verum
761 1505 873 1567 habet
888 1523 1032 1586 prover·
1112 1524 1183 1568 non
1196 1514 1366 1586 expertus
1379 1516 1434 1568 est
1446 1517 1578 1588 contra,
1590 1485 1698 1601 atque
1711 1507 1816 1569 amici
1829 1518 1867 1570 et
1880 1507 1951 1588 ipsi

200 1627 1032 1708 biuszbimultaesuntpossessiones,ibimul·
1112 1627 1278 1690 advocati
1294 1628 1490 1691 crederent.
1506 1626 1566 1692 Sic
1583 1629 1665 1690 lites
1683 1629 1826 1691 iamdiu
1840 1638 1950 1692 antea

200 1760 258 1813 tae
280 1760 478 1832 exsurgunt
494 1750 590 1823 lites;
613 1752 708 1831 quod
730 1749 942 1831 patrimonio
960 1749 1032 1812 divi
1112 1749 1269 1832 agitatas
1291 1770 1370 1812 cum
1386 1750 1546 1832 principe
1567 1753 1611 1813 de
1630 1749 1949 1835 Schwarzenberg,

200 1872 310 1936 Blasii
330 1873 366 1935 in
386 1872 490 1935 terris
506 1872 690 1953 Austriae,
711 1871 916 1951 Helvetiae,
938 1870 1032 1933 Mar·
1071 1904 1074 1975 7
1113 1872 1255 1934 domino
1272 1871 1501 1955 Cleggoviae,
1524 1893 1603 1936 cum
1618 1873 1780 1955 principe
1797 1874 1842 1936 de
1860 1874 1949 1943 Fiir-

200 1995 336 2057 chionis
346 1994 585 2075 Durlacensis,
596 1994 794 2076 principum
804 1992 1032 2057 Schwarzen·
1071 1984 1074 2085 i
1112 1996 1292 2077 stenberg,
1317 2014 1396 2057 cum
1416 1994 1549 2057 familia
1570 1995 1737 2057 comitum
1755 1996 1800 2058 de
1817 1994 1949 2077 Spaur,

201 2118 291 2200 berg
314 2128 350 2181 et
373 2117 617 2199 Fiirstenberg
641 2119 713 2180 late
739 2116 877 2198 patenti
901 2115 1032 2179 accidit
1071 2088 1074 2219 Ι
1112 2135 1191 2177 cum
1211 2117 1343 2178 abbate
1364 2116 1649 2199 Rheinaugiensi
1670 2129 1705 2180 et
1725 2118 1889 2181 Paulinis
1912 2119 1948 2181 in

121 2249 123 2253 '
201 2241 420 2323 saepissime.
436 2241 625 2322 Nunquam
637 2241 713 2303 sine
726 2240 885 2321 periculo
902 2257 1031 2301 causae
1112 2238 1300 2301 Bonndorf
1312 2240 1358 2300 ad
1374 2238 1514 2301 felicem
1530 2239 1636 2302 finem
1652 2242 1832 2321 perduxit.

202 2363 309 2425 etiam
326 2362 440 2424 iustae
457 2364 503 2424 ad
518 2361 632 2424 forum
654 2361 868 2424 deferuntur.
892 2361 1032 2423 Noxiae
1198 2360 1325 2422 Abbas
1340 2360 1515 2423 Martinus
1535 2364 1630 2423 bona
1650 2381 1792 2443 semper
1807 2364 1949 2427 valetu-

202 2496 283 2548 sunt
306 2485 388 2547 lites
412 2505 491 2548 curn
515 2484 650 2566 vicinis,
672 2484 775 2546 nimis
798 2483 928 2547 fatales
953 2502 1032 2545 cum
1112 2483 1194 2545 dine
1221 2502 1305 2544 usus
1337 2494 1406 2564 est,
1435 2504 1540 2564 quam
1568 2504 1781 2569 conservare
1809 2487 1950 2550 studuit

1110 2616 1210 2669 recta
1237 2615 1273 2668 et
1301 2626 1426 2668 severa
1453 2607 1599 2669 vivendi
1626 2607 1782 2687 ratione,
1815 2628 1949 2689 parcus

204 2672 407 2680 -—-...——.

287 2787 309 2834 1.
328 2785 409 2834 Anna
427 2784 526 2848 regina,
546 2783 640 2834 coniux
659 2782 798 2847 Rudolphi
816 2784 838 2830 I.
857 2781 1031 2846 imperatoris,
1110 2749 1184 2790 Vlni
1201 2741 1236 2790 et
1253 2729 1421 2809 ciborum,
1444 2739 1480 2791 et
1504 2748 1632 2810 corpus
1649 2731 1867 2793 ambUIando
1890 2733 1951 2794 vel

201 2873 253 2922 der.
272 2874 315 2922 nte
336 2885 376 2934 19·
395 2874 473 2921 Mart.
496 2871 570 2920 1281.
1111 2850 1304 2931 equitando
1321 2870 1502 2915 exercens.
1527 2851 1632 2913 Initio
1654 2853 1736 2914 anni
1761 2859 1840 2933 1793
1865 2875 1948 2938 gra-

198 3021 203 3032 .
287 2972 323 3019 11.
343 2969 461 3028 Carolus,
480 2968 549 3017 filius
568 2967 707 3032 Rudolphi
719 2968 742 3016 1.
761 2967 935 3031 imperatoris,
954 2972 1031 3015 natus
1110 2973 1202 3035 viter
1217 2982 1421 3056 aegrotare,
1443 2974 1571 3037 medici
1591 2976 1712 3038 vocati
1732 2995 1948 3057 recuperan-

201 3062 227 3105 et
246 3057 385 3105 defunctus
403 3072 473 3105 anno
495 3066 569 3118 1274.

528 3138 533 3147 ,
596 3151 602 3161 ,
786 3150 792 3162 ,
859 3150 864 3162 ,
1002 3152 1007 3162 ,
1111 3095 1178 3158 dae
1199 3095 1363 3158 sanitatis
1378 3096 1440 3158 vix
1465 3098 1572 3159 ullam
1594 3117 1695 3178 spem
1715 3098 1881 3164 fecerunt
1901 3102 1947 3164 ob

287 3153 336 3200 III.
356 3155 547 3208 HartmannnS,
567 3149 635 3199 filius
654 3149 794 3215 Rudolphr
811 3152 833 3198 1.
857 3157 1030 3215 imperatoris,

200 3241 253 3289 des.
272 3240 315 3289 die
334 3250 376 3288 20,
395 3241 461 3288 nec.
483 3238 557 3298 1280,
576 3253 658 3287 annos
679 3238 710 3286 18
729 3244 813 3286 natus.
1111 3216 1369 3297 provectiorem
1401 3228 1556 3280 aetatem
1588 3231 1625 3281 et
1655 3219 1750 3282 vires
1785 3223 1947 3303 corporis

287 3337 335 3384 1v.
354 3334 509 3383 elisabetha
528 3335 626 3398 regina,
638 3335 741 3383 coniux
757 3334 866 3382 Albeni
880 3337 903 3383 Ι·
922 3334 1032 3399 impera·
1111 3339 1277 3402 continuo
1293 3339 1411 3402 studio
1428 3350 1465 3402 et
1480 3340 1603 3402 labore
1619 3342 1823 3406 exhaustae.
1842 3343 1945 3407 Flue-

200 3422 272 3481 toris,
291 3428 353 3470 nata
371 3436 440 3469 anno
461 3420 536 3480 1263,
555 3421 607 3469 def.
626 3421 668 3469 die
690 3432 729 3480 13.
749 3421 809 3469 Oct.
831 3432 904 3480 1313.

287 3519 320 3567 V.
340 3516 492 3581 Leopoldus
512 3515 661 3580 (gloriosus)
681 3517 732 3564 dux
745 3517 880 3576 Austriae,
901 3516 1030 3566 iiliusAl·
1110 3471 1233 3524 tuante
1254 3481 1413 3543 COl'porls
1434 3464 1638 3525 condltlone
1659 3475 1695 3525 et
1716 3466 1809 3528 malo
1833 3485 1945 3529 mese·

199 3605 267 3653 berti
281 3607 302 3653 1.
316 3604 488 3668 imperatoris,
507 3609 583 3651 natus
598 3614 672 3663 1292,
691 3604 744 3652 des.
762 3619 830 3653 anno
850 3605 943 3652 aetatis
962 3606 1028 3664 34²⁰·
1110 3594 1232 3648 scente
1260 3586 1483 3649 morientium
1510 3588 1743 3650 sacramentis
1763 3589 1944 3668 provideri

287 3703 334 3750 VI.
352 3700 485 3749 Henricus
505 3698 645 3763 (placidus)
664 3700 715 3748 dux
733 3701 868 3759 Austrine,
893 3699 961 3749 nlius
979 3700 1029 3750 Al·

1109 3707 1167 3789 pie
1184 3707 1298 3790 petiit,
1315 3720 1352 3770 et
1367 3710 1508 3770 demum
1521 3709 1579 3771 die
1596 3715 1643 3772 13.
1658 3684 1745 3772 M'aii
1762 3710 1944 3791 inopinato

195 3787 264 3836 berti
282 3790 303 3837 1.
323 3788 497 3852 imperatoris,
516 3794 591 3835 natus
611 3802 679 3836 anno
702 3799 788 3848 1299..

283 3886 345 3933 VII.
368 3884 481 3942 Iudhha,
501 3885 555 3933 filia
574 3883 681 3932 Alberti
701 3886 722 3932 1.
741 3885 914 3947 imperatoris,
934 3885 1028 3934 coniux
1109 3843 1144 3892 et
1153 3850 1234 3907 cum·
1243 3832 1340 3894 luem
1350 3850 1503 3894 ommum
1513 3851 1572 3912 ple
1586 3841 1622 3894 et
1632 3833 1773 3912 plamde
1784 3853 1944 3915 exspffa'

198 3972 326 4020 Ludovici
345 3972 448 4020 comitis
467 3972 500 4021 de
520 3972 672 4035 Oettingen,
691 3972 743 4020 def.
763 3988 832 4021 anno
854 3984 928 4033 1329.

284 4069 360 4116 VIII.
375 4068 538 4127 Elisabetha,
552 4067 606 4115 filia
620 4068 726 4116 Alberti
741 4071 762 4117 Ι.
778 4069 951 4133 imperatoris,
966 4084 1027 4117 con·

196 4154 239 4201 iux
254 4157 277 4202 F
280 4154 384 4202 riderici
402 4155 476 4202 ducis
491 4155 688 4218 Lotharingine,
702 4156 754 4203 def.
768 4156 811 4203 die
824 4167 863 4215 19.
874 4156 940 4204 Maii
953 4166 1027 4217 1352.

1107 3953 1312 4016 vit.Vivens
1321 3973 1431 4034 saepe
1441 3953 1559 4016 dicere
1569 3954 1713 4017 auditus
1723 3965 1810 4035 erat,
1818 3966 1942 4036 optare

1108 4085 1144 4136 et
1159 4076 1251 4137 velle
1272 4095 1311 4137 se
1331 4095 1402 4138 non
1418 4075 1510 4137 intra
1530 4077 1727 4156 ecclesiam,
1754 4079 1820 4140 sed
1841 4088 1942 4142 extra

282 4251 334 4298 IX.
357 4251 463 4313 Agnes,
487 4250 540 4298 filia
559 4250 667 4299 Alberti
685 4253 706 4299 I.
730 4252 907 4315 imperatoris,
933 4251 1028 4300 coniux
1107 4217 1141 4258 m
1158 4206 1248 4259 amo
1269 4208 1352 4260 ante
1374 4207 1515 4278 portam
1538 4198 1661 4278 temph
1686 4218 1858 4262 malorem
1881 4201 1941 4263 hu·

194 4337 319 4386 Andreae
338 4339 389 4399 111.
413 4338 482 4401 regis
505 4338 667 4400 ungariae,
690 4347 751 4386 nata
780 4338 853 4396 1280,
878 4339 931 4387 def.
952 4337 1026 4398 1364·
1106 4319 1203 4401 mari,
1219 4328 1258 4380 ut
1274 4319 1496 4383 introeuntes
1513 4330 1549 4381 et
1567 4330 1741 4383 exeuntes
1756 4321 1884 4386 fideles
1900 4342 1942 4386 eo

280 4443 318 4490 X.
348 4442 510 4502 Fridericus,
541 4443 609 4492 filius
637 4443 767 4492 Friderici
796 4443 921 4508 (pulchri)
951 4445 1026 4493 ducis

194 4529 328 4589 Austriae,
347 4529 394 4578 filii
412 4529 520 4579 Alberti
539 4533 560 4579 1.
580 4532 753 4595 imperatoris.

1105 4440 1327 4522 frequentius
1350 4461 1415 4522 pro
1438 4442 1555 4504 anima
1579 4462 1644 4503 sua
1667 4462 1794 4523 preces
1817 4444 1940 4507 funde-

462 4626 467 4636 ,
702 4627 707 4638 ,
825 4629 829 4638 ,
1018 4629 1023 4639 ,
1103 4572 1197 4636 rent;
1219 4583 1343 4625 verum
1359 4584 1472 4646 prope
1489 4584 1612 4628 omnes
1634 4565 1851 4646 capitulares
1872 4587 1943 4629 una

281 4626 333 4674 XI.
362 4626 504 4674 Catharrna
531 4627 564 4675 de
593 4627 740 4684 Sabaudra,
772 4643 867 4676 coniux
895 4628 1026 4693 Leopold1

192 4712 310 4776 gloriosi,
330 4713 383 4761 dei.
405 4712 478 4773 1336.

280 4810 348 4858 XII.
367 4809 531 4867 Elisabetha,
544 4810 677 4860 comitissa
690 4810 723 4859 de
737 4811 915 4874 Vimenburg‚
930 4812 1024 4860 coniux

192 4898 304 4947 Henrici
323 4896 429 4962 placidi,
449 4897 500 4946 def.
522 4910 597 4958 1343.

1105 4695 1141 4748 et
1172 4696 1290 4748 mente
1326 4697 1362 4749 et
1393 4706 1482 4750 voce
1514 4687 1549 4749 in
1580 4707 1622 4751 eo
1658 4690 1940 4771 consentiebant,

1105 4807 1263 4871 defuncti
1286 4809 1519 4872 humilitatem
1547 4821 1583 4872 et
1604 4811 1700 4891 pium
1725 4812 1939 4875 desiderium

483 4995 488 5005 ‚
587 4996 591 5005 ,
757 4996 762 5006 ,
849 4995 895 5006 ,,
982 4996 987 5006 ,
1103 4931 1283 4993 laudanda
1296 4931 1538 5014 quidemcsse,
1554 4934 1618 4994 sed
1629 4952 1694 5013 pro
1709 4944 1877 5015 spectata
1888 4935 1941 5016 ip·

278 4995 358 5042 XIII.
383 4993 533 5052 Camarina,
556 4994 610 5043 filia
633 4995 764 5059 Leopold1
788 4994 905 5058 gloriosi,
929 5011 1024 5044 coniux

191 5081 355 5144 Enguerrani
373 5084 421 5132 VI.
447 5082 547 5132 domini
570 5083 602 5131 de
621 5083 726 5146 Coucy;
749 5090 810 5132 nata
833 5083 875 5132 die
900 5096 924 5144 9.
943 5084 1022 5132 Febr.
1103 5053 1176 5115 Sius
1192 5053 1324 5116 Virtute
1341 5064 1459 5116 et'sua
1483 5055 1519 5116 in
1541 5074 1619 5117 eum
1642 5056 1778 5136 Pietate
1800 5058 1940 5135 decere>

194 5178 269 5226 1320,
288 5168 340 5217 der.
362 5181 435 5230 1349·
1103 5186 1142 5239 ut
1157 5175 1325 5239 fundator
1346 5177 1471 5258 templi
1488 5177 1594 5240 etiam
1618 5178 1653 5241 in
1673 5180 1808 5260 templo
1830 5181 1940 5261 depo·

276 5265 355 5312 XIV.
373 5265 526 5329 Leopoldus
544 5267 650 5331 probus,
670 5266 721 5313 dux
735 5266 869 5325 Amidae,
888 5265 958 5315 filius
973 5265 1021 5315 A]-

191 5348 259 5397 berti
277 5351 313 5398 II.
332 5352 466 5414 sapientis,
487 5353 561 5402 ducis
580 5354 715 5409 Austriae,
734 5352 859 5402 occubuit
873 5368 943 5402 anno
955 5353 1022 5413 1386

191 5449 273 5499 prope
293 5437 430 5501 Sempach,
450 5454 519 5488 anno
538 5440 630 5488 aetatis
650 5440 716 5499 36t0-
1060 5382 1064 5491 i
1102 5422 1226 5501 templi
1243 5421 1333 5485 inter
1349 5441 1475 5504 preces
1493 5424 1667 5486 ecclesiae
1685 5424 1860 5511 demissus
1874 5436 1938 5488 est.

1102 5300 1191 5361 situs
1219 5299 1395 5380 quiescat:
1424 5310 1460 5362 et
1487 5300 1545 5362 die
1575 5304 1621 5363 16.
1649 5300 1737 5363 Maii
1762 5301 1797 5364 in
1821 5302 1940 5366 medio
