4252 6112
938 495 1197 563 ,ὀμ

195 679 406 761 professoris
430 679 646 761 matheseos,
676 682 851 755 1813-14
872 678 1025 759 philoso-

196 802 317 883 phiae,
354 805 529 863 1815—16
558 803 673 863 denuo
701 801 902 863 matheseos
929 801 1025 881 apud

195 925 354 986 alumnos
378 943 404 984 s.
426 922 557 984 ordinis
577 922 717 1003 Iaurini,
750 925 916 983 1816—38
940 940 1025 983 vero

195 1046 231 1108 in
252 1045 434 1107 academia
450 1044 646 1107 Iaurinensi
667 1064 802 1106 summa
823 1063 901 1106 cum
921 1044 1027 1105 laude

195 1164 348 1247 functus,
368 1168 434 1229 hoc
455 1186 548 1229 anno
568 1168 682 1228 abbas
702 1167 747 1228 de
763 1166 901 1249 Tihany
918 1165 1027 1227 nomi-

196 1298 301 1350 natus
318 1298 381 1369 est,
403 1288 522 1369 ibique
544 1287 600 1349 die
621 1291 668 1349 15.
686 1287 789 1351 Febr.
812 1292 892 1350 1850
912 1287 970 1367 pie
991 1286 1027 1348 in

196 1410 348 1472 Domino
364 1409 587 1472 obdormivit.

283 1549 323 1610 In
340 1548 598 1611 mathematicis
614 1548 876 1611 versatissimus
896 1568 1027 1630 magna

199 1691 283 1732 cura
299 1671 554 1753 diligentiaque
571 1670 726 1751 scripsit:

283 1816 305 1870 I.
327 1814 482 1871 Arialberti
501 1815 570 1870 Ant.
587 1814 826 1888 Eresztyenszky
847 1813 1027 1869 benedictini

196 1921 338 1975 Pannonii
361 1920 506 1975 lectiones
522 1919 713 1974 academicae
731 1937 768 1973 ex
786 1918 911 1973 mathesi
933 1918 1028 1994 appli-

197 2038 264 2080 cata
277 2026 306 2079 in
323 2042 407 2079 usum
424 2023 592 2079 auditorum
608 2040 730 2079 suorum
744 2024 944 2098 conscriptae.
962 2024 1029 2078 Iau-

197 2129 263 2184 rini.
286 2127 384 2204 'I‘ypis
400 2127 549 2203 Leopoldi
567 2125 702 2200 Streibig
722 2125 812 2199 1819.
838 2125 880 2182 8⁰.
904 2127 973 2184 VIII
997 2133 1028 2196 -l-

202 2230 261 2287 160
277 2251 306 2306 p.
324 2245 354 2286 et
371 2232 411 2288 IV
429 2229 489 2287 aab.
506 2250 572 2286 aen.

284 2354 321 2409 II.
340 2353 496 2409 Elementa
511 2354 720 2409 arithmeticae
740 2352 891 2426 generalis
911 2371 964 2409 seu
985 2353 1028 2408 al·

196 2457 320 2532 gebrae,
343 2457 382 2513 ab
398 2456 563 2512 Adalberto
580 2457 650 2512 Ant.
667 2456 915 2532 Bresztyenszky,
935 2455 1027 2513 bene-

197 2562 309 2619 dictino
326 2562 480 2617 Pannonio
496 2580 532 2617 ac
549 2563 720 2618 matheseos
737 2559 913 2636 professore
930 2560 1028 2636 publi·

197 2685 234 2722 co
262 2667 445 2741 conscripta.
475 2663 549 2722 lbid.
578 2665 668 2738 1824.
697 2664 738 2721 8⁰.
767 2665 836 2721 XVI
860 2671 891 2732 ΔΓ
912 2663 974 2737 416
996 2685 1026 2741 p.

196 2770 252 2826 Ed.
270 2771 307 2826 II.
324 2772 442 2826 auctior
458 2784 488 2825 et
504 2769 618 2826 emend.
637 2770 707 2826 ibid.
729 2768 819 2842 1829.

283 2892 335 2948 111.
359 2891 516 2948 Elementa
531 2893 717 2966 geometriae
733 2905 763 2948 et
780 2893 1027 2965 trigonometriae

196 2996 302 3072 planae
318 2993 357 3051 ab
374 2995 540 3053 Adalberto
557 2995 626 3052 Ant.
644 2995 883 3069 Bresztyenszky
900 2997 928 3050 in
945 3014 1026 3051 com·

196 3100 315 3156 modum
328 3119 450 3156 suorum
463 3100 631 3156 auditorum
646 3103 827 3176 conscripta.
841 3099 916 3156 Ibid.
935 3100 1025 3173 1827.

196 3204 237 3261 8⁰.
257 3206 327 3262 VIII
342 3207 377 3276 †
393 3219 453 3277 432
472 3224 501 3280 p.
519 3218 549 3260 et
565 3205 591 3261 V
607 3203 668 3261 tab.
685 3224 751 3260 aen.

281 3328 333 3385 IV.
350 3327 507 3383 Elementa
523 3327 694 3383 matheseos
711 3346 805 3403 purae
818 3329 846 3382 in
860 3346 944 3382 usum
957 3346 1027 3383 aca-

195 3432 357 3488 demiarum
383 3450 438 3506 per
458 3449 582 3505 regnum
605 3432 778 3505 Hungariae
801 3444 831 3487 et
855 3433 1025 3506 provincias

195 3536 289 3592 eidem
303 3535 445 3591 adnexas.
458 3535 532 3590 Pars
541 3536 563 3591 l.
578 3536 733 3591 Elementa
746 3533 898 3610 algebrae.
913 3536 1025 3592 Budae.

194 3641 292 3716 Typis
308 3659 343 3696 ac
360 3637 507 3696 sumtibus
524 3659 587 3714 reg.
606 3641 807 3696 universitatis
824 3641 1025 3714 Hungaricae.

199 3743 288 3802 1828.
312 3743 340 3801 8.
364 3745 420 3799 XII
436 3747 470 3813 -Ι-
488 3758 550 3815 250
567 3763 595 3819 p.
620 3745 695 3800 Pars
716 3745 753 3799 II.
775 3744 931 3800 Elementa
951 3764 1025 3818 geo·

195 3850 320 3905 metriae
349 3867 441 3924 purae
470 3863 499 3904 et
526 3850 772 3923 trigonometriae
799 3848 916 3923 planae.
948 3847 1023 3905 Ibid.

199 3932 289 4026 182'9.
307 3952 474 4024 80.1111†
491 3968 552 4024 244
566 3972 594 4027 p.
612 3953 652 4009 IV
669 3951 730 4009 tab.
746 3971 812 4008 aen.

280 4076 316 4132 V.
339 4076 372 4130 In
388 4076 492 4150 script.
510 4074 625 4149 period.
645 4067 881 4149 „Tudomainyos
899 4074 1024 4150 Gyiijte·

194 4179 315 4254 me'ny:“
340 4180 373 4251 a)
391 4177 708 4253 Nagysrigtudomzinyi
726 4177 835 4234 felelet.
861 4178 951 4235 1818.
972 4180 1023 4236 VI.

198 4297 257 4339 120
272 4282 310 4338 ad
331 4298 387 4338 122
406 4302 435 4358 p.
459 4282 490 4356 l)
506 4281 549 4337 Az
565 4281 700 4356 algebrai
722 4280 923 4356 megfogrisok
943 4301 1023 4339 nem·

192 4389 250 4443 zeti
271 4384 482 4462 nyelriinkben
503 4383 705 4442 eldadasrinak
722 4384 858 4462 prebaja.
875 4382 904 4463 (i.
918 4406 945 4443 e.
964 4387 1023 4442 Ex·

194 4493 391 4567 perimentum
423 4489 577 4564 algehram
609 4490 709 4564 lingua
736 4489 837 4563 Hung.
866 4489 1023 4570 tradendi.)

198 4595 288 4668 1823.
304 4597 357 4651 lx.
373 4609 503 4667 35-50
519 4614 549 4669 p.

279 4718 330 4775 VI.
347 4714 459 4772 Libros
477 4718 706 4791 manuscriptos,
723 4717 774 4789 qui
790 4730 888 4772 autem
902 4714 952 4772 ubi
965 4719 1024 4773 siut

191 4825 334 4891 nescitur,
355 4818 463 4877 habet:
487 4823 519 4894 a)
542 4822 598 4877 Kis
617 4821 783 4895 geometria
800 4820 833 4876 e‘s
849 4820 1023 4877 mechanica

192 4945 316 5003 magyar
337 4925 463 5001 nyelven
480 4943 498 4979 a
513 4920 601 5000 gydri
621 4925 764 4981 normalis
784 4925 883 4982 iskola
899 4939 929 4996 3.
946 4939 1021 4982 oszt.

192 5031 335 5087 szrimara.
350 5030 440 5103 1835.
451 5026 514 5106 (ie.
523 5029 698 5086 Geometria
708 5030 918 5087 etmechanica
928 5049 1022 5106 parva

192 5134 293 5208 lingua
308 5135 407 5208 Hung.
425 5148 617 5210 pertractata.
642 5135 673 5208 b)
695 5132 860 5203 Kotzebue‚
884 5134 947 5210 „Az
967 5135 1021 5191 ora

192 5238 226 5294 es
243 5237 494 5308 mandolatorta“,
510 5236 679 5295 szindarab.
697 5236 726 5317 (i.
741 5257 767 5295 e.
781 5238 897 5295 Fabula
909 5241 1021 5296 Kotze-

191 5340 260 5409 bue,
274 5340 357 5396 Hora
369 5355 399 5397 et
412 5340 544 5398 scriblita
557 5342 766 5424 amygdalina.)
779 5343 806 5399 A
818 5339 905 5419 gydri
918 5343 1019 5419 Ieany·

191 5440 423 5501 aeneid-intezet
433 5445 565 5502 stamira
578 5447 913 5522 magyarraforditotta.
928 5446 1018 5520 1837.

1193 673 1376 767 Breunig
1397 684 1722 749 Ferdinandus
1743 688 1949 752 Ioannes

1107 800 1358 884 (Scotensis),
1376 803 1537 866 Viennae
1553 804 1589 866 in
1601 805 1748 869 Austria
1766 816 1877 870 natus
1894 820 1950 870 est

1108 923 1165 985 die
1181 929 1211 986 3.
1225 925 1313 1004 Apr.
1333 929 1423 987 1822.
1442 925 1717 990 Grammaticam
1734 948 1815 991 cum
1833 928 1948 991 literis

1107 1045 1371 1108 humanioribus
1388 1049 1535 1109 edoctus
1551 1048 1586 1110 in
1603 1067 1632 1112 c.
1646 1069 1671 1110 r.
1689 1050 1885 1132 gymnasio
1902 1052 1947 1112 ad

1108 1165 1235 1230 Scotos
1251 1188 1292 1231 ac
1309 1169 1562 1250 philosophicis
1582 1170 1780 1253 disciplinis
1801 1172 1947 1234 absolu·

1107 1289 1153 1352 tis
1169 1290 1205 1353 in
1221 1291 1315 1353 univ.
1331 1291 1496 1375 Vindob.,
1516 1294 1705 1375 religiosae
1720 1291 1884 1355 familiae
1900 1294 1947 1355 ad

1107 1408 1235 1474 Scotos
1244 1411 1404 1474 Viennae
1418 1431 1457 1474 se
1473 1413 1612 1476 addixit
1627 1433 1802 1496 sacroque
1818 1415 1946 1478 habitu

1107 1533 1251 1595 indutus
1276 1544 1330 1596 est
1351 1534 1408 1596 die
1433 1556 1483 1598 21.
1505 1535 1605 1617 Sept.
1629 1541 1720 1617 1840,
1747 1547 1836 1600 vota
1858 1556 1943 1600 vero

1106 1655 1288 1719 sollemnia
1311 1658 1530 1738 nuncupavit
1557 1658 1615 1720 die
1643 1679 1693 1737 ²4·
1718 1656 1821 1740 Sept.
1853 1664 1941 1738 1843.

1109 1774 1272 1839 Studium
1284 1796 1311 1839 s.
1325 1778 1527 1861 theologiae
1539 1799 1618 1842 cum
1631 1779 1665 1841 in
1679 1779 1776 1844 univ.
1785 1780 1939 1844 Vindob.

1109 1899 1284 1981 coluisset,
1302 1899 1449 1980 primam
1466 1899 1683 1963 incruentam
1696 1902 1853 1964 hostiam
1865 1902 1938 1964 Deo

1109 2021 1236 2084 obtulit
1252 2021 1309 2083 die
1328 2042 1377 2100 27.
1394 2021 1458 2087 Iul.
1479 2027 1569 2100 1845.
1593 2023 1733 2085 Deinde
1755 2042 1838 2085 cum
1860 2043 1937 2105 ope

1109 2163 1166 2204 ras
1182 2143 1400 2207 intermissas
1416 2163 1443 2207 s,
1460 2144 1663 2227 theologiae
1679 2144 1808 2207 studiis
1825 2145 1934 2207 reddi·

1108 2265 1229 2347 disset,
1242 2265 1299 2328 die
1317 2286 1363 2330 10.
1374 2266 1449 2329 Iun.
1466 2271 1546 2344 18-48
1559 2266 1595 2329 in
1608 2267 1794 2329 doctorum
1807 2286 1835 2331 s.
1845 2267 1934 2329 theo·

1108 2386 1224 2469 logiae
1238 2387 1396 2451 ordinem
1409 2388 1445 2451 in
1457 2387 1551 2452 univ.
1561 2387 1715 2452 Vindob.
1728 2389 1865 2451 relatus
1877 2399 1932 2467 est,

1108 2528 1255 2590 quorum
1276 2510 1415 2592 collegii
1436 2520 1563 2591 postea
1584 2514 1662 2572 1855
1685 2510 1846 2572 decanus
1866 2509 1933 2572 fuit.

1107 2631 1206 2692 Idem
1218 2631 1254 2693 in
1267 2631 1427 2693 doctrina
1441 2633 1485 2693 de
1498 2650 1614 2692 rerum
1622 2640 1750 2693 natura
1760 2632 1857 2693 bene
1866 2652 1933 2693 eru·

1108 2752 1211 2834 ditus,
1225 2772 1369 2815 necnon
1382 2753 1532 2834 publicis
1545 2764 1688 2816 tentam.
1700 2753 1760 2815 die
1771 2760 1823 2817 20.
1835 2753 1933 2815 Mart.

1111 2878 1188 2937 1852
1207 2877 1438 2956 approbatus,
1455 2894 1580 2937 munus
1592 2875 1743 2937 docendi
1756 2875 1934 2938 historiam

1106 2998 1300 3059 naturalem
1332 2997 1366 3058 in
1397 3015 1426 3058 c.
1457 3016 1483 3059 r.
1514 2996 1701 3079 gymnasio
1732 2999 1781 3059 ad
1810 2998 1934 3061 Scotos

1107 3120 1163 3181 die
1191 3121 1336 3198 17.1un.
1369 3123 1447 3181 1852
1480 3117 1656 3200 suscepit,
1692 3138 1763 3199 quo
1793 3138 1935 3182 munere
1962 3108 1967 3119 ’

1106 3243 1221 3304 adhuc
1245 3241 1412 3323 fungitur.
1442 3240 1648 3321 Complures
1672 3239 1804 3302 deinde
1828 3241 1936 3303 socie·

1106 3374 1200 3427 tates
1224 3361 1439 3453 scientificae
1463 3382 1543 3425 eum
1567 3364 1725 3425 sodalem
1745 3362 1813 3424 sibi
1839 3362 1937 3424 addi-

1106 3486 1243 3566 derunt,
1263 3483 1314 3546 uti
1337 3484 1489 3547 societas
1505 3483 1799 3565 anthropologica
1819 3492 1860 3545 et
1879 3485 1939 3546 bo·

1106 3606 1428 3690 tameo-zoologica
1451 3607 1627 3671 Viennae:
1656 3614 1848 3686 praeterea
1874 3604 1939 3667 fuit

1106 3749 1195 3790 unus
1208 3749 1254 3791 ex
1267 3729 1318 3811 iis,
1333 3730 1390 3811 qui
1405 3729 1610 3791 societatem
1623 3728 1940 3810 meteorologicam

1104 3850 1265 3913 Viennae
1281 3850 1476 3914 fundavere
1493 3851 1550 3913 die
1571 3872 1596 3914 1.
1612 3849 1699 3912 Maii
1719 3854 1811 3912 1800.

1191 3991 1409 4071 Conscripsit
1421 3992 1466 4053 ad
1479 4008 1692 4072 programm.
1701 3989 1885 4071 gymnasii
1894 3992 1941 4052 ad

1104 4114 1232 4179 Scotos
1248 4132 1312 4194 pro
1329 4132 1421 4175 anno
1442 4116 1536 4174 1850:

1189 4260 1212 4314 I.
1227 4259 1325 4313 Kurze
1338 4254 1578 4312 Charakteristik
1589 4254 1643 4310 der
1655 4253 1855 4328 wichtigeren
1868 4273 1942 4310 vor·

1104 4363 1271 4419 weltlichen
1288 4363 1601 4435 Pflanzengattungen.
1623 4355 1859 4437 (Describuntur
1875 4378 1942 4416 om·

1103 4471 1152 4524 nia
1168 4469 1360 4544 pristinarum
1376 4465 1546 4540 plantarum
1563 4460 1696 4541 genera.)

1190 4605 1234 4667 II.
1254 4601 1409 4665 Inseruit
1424 4620 1530 4683 porro
1546 4599 1676 4662 libellis
1697 4617 1763 4680 pro
1784 4618 1940 4680 gymna-

1103 4724 1165 4787 siis
1185 4722 1386 4787 Austriacis
1406 4720 1632 4786 recensiones
1651 4719 1821 4782 librorum
1843 4730 1939 4783 trac-

1102 4846 1251 4910 tantium
1275 4867 1333 4909 res
1356 4846 1536 4908 naturales
1567 4853 1602 4906 et
1632 4842 1937 4926 dissertationem,

1102 4969 1279 5051 quomodo
1310 4966 1471 5030 doctrina
1497 4964 1666 5028 historiae
1696 4964 1872 5027 naturalis
1899 4965 1936 5028 in

1101 5089 1297 5175 gymnasiis
1314 5089 1360 5151 sit
1376 5088 1603 5151 instituenda.

1186 5313 1344 5409 Breyer
1356 5323 1476 5406 Hugo
1490 5322 1844 5407 (San-Paulanus).
1861 5327 1933 5390 Na-

1099 5452 1156 5505 tus
1172 5453 1227 5506 est
1242 5443 1400 5527 Iglaviae
1416 5442 1451 5505 in
1463 5441 1625 5506 Moravia
1640 5444 1698 5507 die
1711 5447 1763 5509 30.
1776 5445 1931 5509 Ianuarii
