4252 6112
932 473 1211 541 -1,0„.

197 656 243 718 ad
260 656 434 718 edendam
449 653 675 717 Germaniam
691 674 829 717 sacram
846 655 963 718 omnia
980 657 1030 718 di·
1068 668 1071 743 1
1110 657 1264 739 pupillis,
1282 678 1430 739 quorum
1448 659 1529 722 dein
1546 680 1666 723 curam
1682 661 1718 723 in
1730 680 1768 722 se
1782 662 1946 742 suscepit
2007 662 2011 669 '

197 780 355 861 plomata
370 778 622 859 manuscripta,
636 797 728 860 quae
740 797 871 860 magno
884 798 1029 841 numero
1067 778 1071 901 1
1109 779 1288 861 piissimus
1316 783 1440 846 abbas.
1471 782 1671 845 Memoratu
1700 783 1847 864 dignum
1874 792 1945 863 est,

198 903 403 984 collegerat,
420 901 616 962 liberaliter
631 900 801 982 permisit.
826 901 943 963 Etiam
959 901 1030 962 Bo·
1067 908 1070 1001 j
1109 904 1204 983 quod
1217 902 1691 967 inhocrecensexstructum
1700 904 1944 967 nosocomium

196 1024 332 1088 russiae
348 1023 445 1106 regis
462 1023 684 1085 consiliarius
704 1023 848 1085 intimus
864 1023 902 1085 L.
920 1023 961 1085 B.
984 1023 1028 1084 de
1067 1004 1069 1119 1
1108 1025 1275 1106 mendici,
1303 1027 1482 1109 peregrini
1511 1037 1546 1089 et
1572 1027 1777 1108 vagabundi
1804 1027 1945 1088 inducti

197 1148 325 1209 Domm
345 1145 380 1208 in
400 1145 527 1207 itinere
551 1166 615 1206 suo
639 1165 710 1207 non
734 1145 851 1206 omisit
874 1144 1027 1207 invisere
1066 1132 1069 1181 f
1107 1143 1239 1209 fuerint
1260 1148 1385 1210 eodem
1407 1149 1463 1210 die
1489 1170 1535 1210 11.
1552 1149 1642 1212 Nov.
1665 1153 1755 1228 1781,
1782 1168 1852 1230 quo
1877 1168 1945 1229 pu-

198 1270 365 1331 abbatem
385 1267 586 1329 Martinum.
612 1267 849 1349 Quamplures
870 1267 1027 1345 comiteS,
1106 1266 1200 1329 blica
1222 1289 1300 1331 cum
1325 1270 1520 1351 gratiarum
1543 1270 1684 1333 actione
1708 1273 1754 1333 ob
1778 1271 1890 1332 aedes
1915 1290 1944 1334 s.

197 1395 360 1474 baroneS,
378 1392 517 1473 equites
534 1391 666 1452 ordinis
680 1390 866 1453 Teutonici
879 1402 915 1452 et
926 1389 1028 1452 Meli·
1065 1424 1068 1485 1
1107 1389 1219 1452 Blasii
1231 1391 1403 1473 singulari
1412 1392 1481 1454 Dei
1494 1393 1626 1455 auxilio
1638 1392 1792 1456 feliciter
1803 1401 1945 1454 restau-

196 1514 323 1595 tensis,
347 1513 576 1576 ecclesiarum
602 1512 856 1574 cathedralium
877 1531 1027 1593 praepo·
1106 1523 1203 1576 ratas
1218 1514 1332 1595 prima
1347 1514 1426 1577 vice
1447 1515 1482 1576 in
1504 1515 1656 1578 ecclesia
1679 1517 1835 1578 nondum
1857 1534 1944 1576 con-

196 1637 293 1717 sitos
311 1637 466 1697 decanos
484 1644 520 1697 61
532 1635 734 1715 canonicos,
752 1633 910 1696 caesarei
927 1652 1027 1695 exer·
1065 1622 1068 1719 1
1106 1643 1247 1697 secrata
1263 1637 1434 1699 sollemne
1451 1622 1606 1699 officium
1620 1639 1849 1700 decantatum
1864 1636 1943 1698 fue-

197 1759 287 1820 citus
317 1757 518 1840 generales,
550 1756 711 1818 tribunos
739 1765 778 1817 et
802 1755 1027 1818 centuriones
1065 1724 1067 1825 1
1106 1765 1171 1836 rat,
1188 1765 1227 1818 ut
1243 1757 1350 1819 etiam
1367 1757 1401 1819 in
1418 1757 1510 1820 vivis
1522 1759 1591 1821 Dei
1606 1759 1759 1840 templiS,
1773 1760 1943 1840 pauperi-

196 1881 376 1943 nominare
397 1880 500 1960 velle,
523 1878 626 1940 nimis
646 1879 792 1960 longum
813 1878 915 1940 foret.
939 1876 1067 1939 Uni·
1065 1848 1067 1871 Ι
1106 1877 1172 1939 1)111
1189 1878 1333 1960 quippe,
1357 1878 1416 1940 ille
1437 1880 1679 1961 honoraretur,
1704 1879 1805 1942 cuius
1830 1880 1942 1942 solius

196 2022 274 2066 cum
291 2001 491 2064 nominasse
508 2001 605 2081 libet,
622 2000 661 2065 L.
675 2000 716 2062 B.
731 2000 917 2080 deB0sch,
934 1999 1067 2101 regi-j
1064 1974 1462 2082 ς110110116111011661
1472 2000 1942 2082 Blasiitemplumerectum

194 2125 297 2186 minis
322 2123 508 2186 anterioris
532 2123 702 2185 Austriae
725 2123 940 2204 praesidem,
967 2121 1026 2203 qui
1064 2114 1067 2211 1
1106 2130 1192 2184 erat.
1223 2120 1388 2184 Ceterum
1413 2142 1500 2204 erga
1525 2143 1659 2205 egenos
1684 2143 1943 2206 quoscumque,

193 2245 302 2307 filium
318 2246 459 2308 unicum
471 2245 601 2307 scholis
614 2244 790 2306 Blasianis
807 2244 1026 2307 committere
1064 2243 1067 2376 1
1106 2262 1169 2305 661
1185 2243 1301 2325 etiam,
1319 2244 1379 2325 qui
1395 2264 1460 2324 pro
1475 2245 1605 2306 misera
1620 2245 1717 2308 vitae
1733 2245 1942 2309 conditione

194 2368 318 2430 maluit
349 2388 454 2450 quam
484 2367 671 2450 gymnasio
706 2367 850 2447 publico
883 2365 912 2428 F
914 2365 1026 2428 ribur·
1064 2392 1067 2441 l
1105 2364 1228 2427 fodere
1250 2385 1319 2428 non
1336 2367 1466 2447 valent,
1489 2340 1690 2429 mendicare
1712 2369 1941 2447 erubescunt,

194 2490 307 2573 gensi.
343 2490 496 2552 Liberali
528 2499 563 2552 et
592 2489 761 2570 hospitali
791 2488 941 2551 antistiti
968 2488 1026 2550 vel
1064 2450 1067 2515 1
1106 2505 1247 2569 semper
1265 2488 1431 2569 liberalis,
1458 2488 1649 2570 postremis
1670 2490 1853 2572 regiminis
1879 2511 1941 2553 an-

194 2613 347 2675 maxime
374 2612 497 2674 honori
525 2622 561 2675 et
588 2612 706 2675 decori
736 2622 805 2691 est,
834 2611 929 2692 quod
955 2628 1025 2672 non
1106 2609 1169 2691 niS,
1187 2629 1268 2672 aere
1286 2610 1402 2672 alieno
1414 2611 1539 2690 solute,
1553 2611 1703 2673 aedibus
1716 2613 1939 2693 restauratis,

194 2736 298 2797 modo
313 2735 470 2798 illustres
490 2735 662 2816 hospites,
683 2745 744 2796 aut
764 2733 864 2795 iuxta
885 2743 1025 2794 senten·
1106 2732 1312 2813 cunctisque
1339 2732 1491 2794 incendii
1520 2733 1657 2795 damnis
1684 2735 1940 2817 compensatis,

194 2857 280 2918 tiam
301 2857 445 2938 regulae
467 2876 493 2918 s.
510 2856 697 2919 Benedicti
715 2855 855 2934 divites,
877 2873 1024 2936 quorum
1063 2888 1066 2932 1
1104 2852 1284 2915 liberalior
1299 2854 1414 2915 adhuc
1438 2863 1475 2916 61
1494 2854 1682 2937 benignior
1698 2854 1774 2936 fuit,
1796 2858 1857 2919 vel
1881 2877 1940 2920 oc·

192 2989 306 3042 terror
336 2979 414 3060 ipse
445 2979 512 3041 sibi
544 2978 658 3060 exigit
683 2979 866 3058 honorem,
898 2976 961 3038 sed
989 2984 1025 3037 et
1062 2944 1066 2997 ⁵
1105 2975 1198 3036 culte
1225 2976 1282 3036 vel
1309 2995 1374 3056 per
1401 2974 1573 3039 officiales
1598 2977 1741 3057 publice
1769 2998 1939 3060 magnam

192 3120 370 3182 pauperes
383 3100 554 3181 plebeioS,
572 3100 787 3163 confratrum
804 3118 946 3162 suorum
962 3118 1024 3179 pa·
1104 3098 1332 3178 pecuniarum
1342 3118 1513 3161 summam
1524 3099 1750 3180 distribuenS,
1760 3099 1810 3162 ita
1819 3112 1858 3164 ut
1871 3102 1939 3164 lar·

192 3232 312 3285 rentes
337 3234 373 3285 et
397 3233 549 3306 agnatos
569 3223 763 3304 praecipue
789 3223 834 3285 ad
858 3242 896 3284 se
920 3220 1024 3283 facile
1062 3210 1065 3323 1
1103 3219 1260 3301 gissimis
1278 3220 1354 3281 eius
1370 3222 1606 3303 eleemosynis
1630 3223 1675 3283 ob
1692 3243 1850 3285 amorem
1868 3223 1937 3286 Dei

192 3346 376 3428 admissos,
398 3346 486 3408 mira
507 3367 571 3409 sua
592 3367 637 3409 ex
658 3346 779 3426 oculis,
801 3365 963 3408 sermone
988 3354 1024 3406 et
1062 3326 1064 3410 l
1104 3342 1197 3404 datis
1210 3342 1335 3405 merito
1348 3343 1572 3406 adscribatur
1584 3345 1844 3425 prosperrimus
1858 3367 1937 3410 suc-

192 3478 267 3531 toto
282 3469 407 3531 habitu
423 3470 585 3531 elucente
601 3469 799 3531 humilitate
821 3481 857 3530 et
873 3467 1023 3530 affabili·
1060 3416 1064 3575 1
1104 3484 1237 3545 cessuS,
1254 3485 1359 3546 quem
1376 3465 1443 3547 ipsi
1456 3476 1492 3528 et
1505 3467 1691 3528 diuturnae
1704 3468 1755 3529 rei
1768 3469 1936 3532 domesti-

191 3601 280 3672 tate,
305 3593 437 3654 mulsos
462 3592 704 3654 consolatione
730 3591 915 3672 laetosque
939 3611 960 3651 a
983 3610 1021 3652 se
1060 3592 1063 3751 1
1104 3607 1166 3650 cae
1200 3588 1496 3650 administrationi
1528 3588 1678 3671 largitus
1710 3599 1778 3665 est,
1813 3591 1874 3671 qui
1903 3593 1934 3652 in

191 3713 371 3776 dimiserit.
389 3714 488 3776 Idem
501 3714 745 3776 sanctissimus
757 3713 941 3795 legislator
954 3713 1022 3773 Be·
1102 3710 1320 3790 pauperibus
1344 3709 1545 3792 suscipitur,
1570 3709 1730 3773 Christus
1750 3711 1934 3776 Dominus.

191 3835 353 3898 nedictus
370 3856 440 3897 non
456 3836 569 3898 solum
586 3836 836 3897 liberalitatem
851 3834 888 3896 in
903 3833 1022 3914 hospi·
1188 3833 1348 3895 Durantc
1378 3832 1551 3914 regimine
1582 3833 1727 3895 Martini
1755 3834 1799 3897 Π.
1833 3837 1934 3916 plura

190 3967 255 4040 teS,
272 3959 336 4019 sed
353 3978 432 4020 cum
448 3957 639 4019 maximam
656 3976 851 4039 pauperum
868 3966 904 4018 et
920 3975 1022 4037 pere·
1060 3970 1062 4013 1
1103 3955 1209 4016 etiam
1222 3954 1365 4016 sinistra
1378 3954 1593 4018 acciderunt.
1610 3954 1788 4018 Horribile
1801 3955 1933 4018 fulmen

190 4079 812 4160 grinorumsuscipiendorumcuram
826 4077 1020 4158 praecepit,
1059 4120 1062 4223 1
1103 4077 1160 4138 die
1186 4080 1235 4140 25.
1256 4076 1343 4138 Maii
1368 4081 1448 4154 1708
1475 4077 1569 4139 circa
1596 4078 1779 4140 meridiem
1805 4099 1934 4162 magno

191 4199 274 4281 quia
300 4200 335 4262 in
366 4201 454 4282 ipsis
481 4199 642 4263 Christus
673 4201 788 4282 magis
819 4199 1020 4280 suscipitur.
1060 4228 1063 4285 1
1102 4197 1243 4280 fragore
1257 4199 1293 4260 in
1305 4200 1415 4260 aedes
1427 4199 1568 4260 abbatis
1585 4219 1605 4261 6
1622 4201 1722 4262 caelo
1734 4201 1933 4282 adlapsum,

191 4321 306 4402 Quam
337 4330 480 4383 strenue
512 4322 592 4385 huic
621 4343 648 4386 s.
676 4322 822 4404 regulae
854 4323 1021 4383 mandato
1060 4290 1063 4441 1
1103 4322 1326 4403 sequentium
1357 4322 1528 4384 malorum
1561 4321 1662 4404 quasi
1695 4324 1934 4412 praesagium,

190 4464 323 4506 morem
349 4444 504 4526 gesserit
528 4446 641 4506 abbas
664 4445 850 4513 Martinus.
875 4464 1022 4508 nosoco·
1060 4408 1242 4553 {puellae
1268 4444 1386 4506 subito
1409 4443 1585 4506 fenestras
1610 4445 1823 4507 claudere
1800 4447 1934 4509 volenti

190 4567 296 4629 mium
313 4568 542 4647 demonstrat,
565 4576 667 4628 extra
683 4567 887 4629 monasterii
904 4584 1062 4629 muros!
1060 4506 1212 4628 1111111111
1229 4565 1372 4646 ademit,
1395 4577 1431 4627 et
1453 4529 1592 4647 aliquos
1607 4576 1730 4647 patres
1746 4566 1935 4631 Blasianos

191 4690 236 4751 ad
256 4688 369 4769 ripam
387 4687 504 4749 Albae
528 4688 606 4749 ab
598 4708 677 4768 rpso
702 4689 893 4770 conditum,
915 4691 1021 4771 quod,
1059 4718 1062 4759 ι
1102 4698 1328 4750 transeuntes
1352 4688 1386 4749 in
1411 4697 1542 4750 terram
1563 4688 1767 4770 prostravit,
1793 4690 1934 4752 illaesos

190 4810 257 4872 etsi
277 4810 365 4872 satis
382 4810 549 4891 amplum,
566 4810 792 4890 recipiendae
804 4811 1021 4873 multitudini
1101 4821 1230 4873 tamen.
1255 4811 1405 4873 Praeter
1425 4822 1581 4893 stragem
1607 4812 1664 4875 die
1690 4817 1740 4874 23.
1762 4812 1826 4874 Iul.
1854 4818 1933 4891 1768

190 4930 440 4994 confluentium
463 4932 731 5015 peregrinorum
756 4934 817 4995 vix
838 4932 1021 5016 sufficit,e
1101 4936 1265 4997 incendio
1282 4935 1432 4997 aedibus
1453 4956 1480 4996 s.
1498 4935 1609 4998 Blasii
1634 4945 1670 4998 et
1693 4935 1745 4997 rei
1767 4936 1934 4998 domesti-

190 5053 318 5133 quibus
341 5054 441 5117 multi
465 5055 533 5118 iam
558 5057 668 5138 longa
691 5055 914 5138 aegritudine
938 5076 1020 5119 con·
1059 5032 1062 5173 1
1102 5075 1165 5120 cae
1183 5057 1277 5120 illam
1295 5057 1505 5139 disciplinae
1519 5057 1675 5140 regulari
1691 5056 1861 5120 inflictam
1875 5059 1935 5120 do·

190 5175 331 5255 sumpti,
348 5178 393 5238 ad
410 5187 556 5240 mortem
573 5198 686 5259 usque
704 5177 960 5258 temporalibus
984 5187 1021 5240 et
1059 5176 1062 5273 1
1101 5180 1200 5243 lebat
1215 5180 1446 5262 potissimum,
1458 5181 1493 5243 in
1506 5181 1660 5261 epistula
1677 5181 1861 5262 encyclica
1878 5181 1934 5243 die

191 5294 434 5374 spiritualibus
460 5299 629 5361 subsidiis
656 5300 799 5361 abunde
826 5300 961 5380 provisi
985 5300 1021 5361 in
1101 5308 1130 5365 3.
1149 5300 1248 5384 Sept.
1266 5304 1424 5365 eiusdem
1442 5304 1523 5365 anni
1540 5305 1587 5364 ad
1604 5303 1730 5365 Patres
1748 5303 1934 5384 expositos

190 5415 342 5479 Domino
365 5418 497 5481 ibidem
522 5420 694 5501 obierunt,
718 5430 801 5502 post
825 5441 864 5484 se
887 5423 1020 5486 relictis
1057 5446 1061 5507 !
1101 5426 1196 5505 data,
1214 5426 1404 5505 deplorans
1420 5425 1654 5506 interruptum
1668 5425 1765 5488 chori
1779 5424 1935 5488 officium
