4222 6106
913 468 1196 556 ...538-

189 679 291 753 operis
315 678 469 732 materiem
494 688 624 731 tractare
647 693 707 729 non
730 672 785 729 suit
808 674 963 749 sapientis.
1005 673 1123 730 Idcirco
1147 671 1393 748 inscriptionibus
1418 692 1542 750 operum
1567 673 1718 748 neglectis
1742 685 1870 728 autores
1893 692 1926 728 ex

188 782 321 856 ipsorum
351 778 520 837 nominibus
544 781 573 834 in
596 797 647 835 eas
675 778 831 834 retulimus
858 779 1031 852 systematis
1059 775 1290 853 bibliographici
1319 780 1500 854 categorias,
1533 781 1563 834 in
1586 797 1663 853 quas
1686 779 1754 834 suis
1783 775 1924 853 operibus

188 883 307 940 cadunt.
347 882 519 958 Systemate
542 896 639 939 autem
663 879 906 957 bibliographico
930 884 976 938 usi
1000 901 1103 939 sumus
1119 900 1167 948 eo,
1191 882 1274 956 quod
1290 902 1319 958 p.
1337 895 1358 938 t.
1376 883 1413 939 D.
1431 882 1496 938 Leo
1514 883 1647 950 Kuncze‚
1671 880 1920 938 bibliothecarius

186 987 224 1043 de
247 1006 272 1043 s.
294 989 333 1043 M.
354 988 426 1043 Pan.
451 1006 474 1043 s.
500 1001 520 1043 t.
545 987 585 1042 illi
609 987 754 1061 copiosae
777 987 951 1041 monasterii
979 987 1073 1061 ipsius
1096 983 1299 1042 bibliothecae
1323 988 1448 1060 egregie
1471 988 1643 1061 composuit
1667 997 1698 1041 et
1722 983 1868 1041 adhibuit.
1884 1019 1936 1051 -,

187 1089 249 1147 Sed
274 1091 323 1147 illo
347 1090 481 1146 adhibito
505 1110 553 1147 res
578 1093 643 1165 ipsa
670 1091 843 1146 necessario
867 1088 989 1145 adduxit
1013 1109 1060 1158 eo,
1093 1102 1125 1145 ut
1147 1090 1236 1146 index
1260 1104 1365 1147 noster
1392 1090 1590 1166 amplificatus
1613 1102 1645 1145 et
1672 1090 1853 1166 dispertitus
1873 1093 1912 1146 sit.

184 1195 299 1270 Nempe
323 1213 458 1251 errorum
482 1209 572 1269 atque
596 1195 747 1260 vitiorum,
771 1210 849 1266 quae
873 1194 902 1248 in
926 1193 977 1248 tali
1001 1195 1144 1249 materiae
1167 1192 1373 1269 disponendae
1396 1196 1513 1250 ratione
1536 1196 1683 1259 nimirum,
1710 1197 1779 1268 quis
1796 1192 1908 1257 dubitet.

185 1311 313 1366 exstant,
338 1318 485 1355 memores
502 1297 540 1354 ab
557 1301 601 1363 iis,
627 1299 677 1373 qui
703 1297 814 1371 legent,
838 1298 956 1352 veniam
980 1294 1322 1372 comprobationemque
1343 1317 1409 1354 cum
1433 1296 1532 1354 bonae
1555 1297 1721 1354 voluntatis
1746 1310 1806 1354 tum
1829 1316 1905 1354 curae

186 1400 339 1458 adhibitae
363 1400 501 1458 submissi
526 1405 664 1479 petimus.
700 1401 775 1456 Nam
800 1414 831 1456 ut
854 1402 883 1455 in
907 1401 1100 1476 praefacione
1125 1401 1321 1476 concipienda
1345 1404 1386 1458 ita
1409 1403 1438 1457 in
1462 1415 1527 1457 toto
1551 1420 1646 1477 opere
1670 1399 1832 1458 scribendo
1853 1416 1902 1458 erat

186 1503 276 1561 nobis
301 1508 329 1561 in
352 1508 466 1562 animo:

879 1610 914 1667 U.
954 1610 976 1666 1.
1017 1609 1055 1666 Ο.
1095 1608 1133 1665 G.
1172 1606 1228 1666 l).!

661 2168 688 2250 1.
733 2167 940 2251 iunii<
981 2101 1450 2262 reusouinuu.

973 2408 1127 2415 -—-.

579 2595 619 2654 Α.

189 2752 288 2815 Abday
306 2751 429 2800 Astricus
449 2750 493 2814 (de
512 2765 533 2799 s.
545 2753 583 2799 M.
597 2751 673 2816 Pan.)
696 2764 716 2800 1.

186 2838 372 2888 Achleuthner
390 2838 545 2886 Leonardus
565 2837 694 2902 (Cremil.)
716 2850 738 2886 1.

186 2925 297 2990 Adolph
315 2924 469 2973 Meinradus
489 2923 631 2989 (Scotens)
654 2938 674 2974 1.
770 2946 773 2952 ·

187 3013 274 3061 Alber
292 3012 434 3062 Udalricus
453 3011 575 3077 (Mellic.)
596 3024 618 3060 2.
716 3065 721 3074 Ι

187 3099 326 3162 Allmayer
343 3099 486 3149 Udalricus
505 3098 686 3163 (Seitenstad.)
705 3112 729 3159 3.

188 3185 314 3249 Anchely
331 3185 508 3249 Ildephonsus
527 3186 571 3250 (de
591 3202 610 3233 s.
625 3188 662 3234 M.
676 3185 752 3250 Pan.)
771 3198 795 3245 3.

186 3273 314 3321 Andexer
331 3272 445 3321 Iacobus
465 3271 590 3335 (Fiecht.)
611 3285 634 3332 3.

186 3359 322 3407 Andorler
341 3359 483 3407 Caietanus
502 3357 624 3423 (Mellic.)
644 3370 668 3418 4.

187 3445 310 3509 *Arigler
328 3445 487 3493 Altmannus
507 3444 645 3509 (Gottvic.)
666 3457 689 3504 4.

187 3532 327 3580 Aschauer
345 3532 469 3580 Placidus
489 3531 602 3595 (Gottv.)
622 3544 646 3591 4.
728 3568 731 3573 .

188 3619 305 3668 Auboek
324 3619 466 3669 Udalricus
487 3619 617 3684 (Cremil.)
637 3630 661 3682 5.

187 3705 311 3768 Avagian
330 3707 486 3755 Adeodatus
506 3706 656 3772 (Mechith.)
677 3718 700 3770 5.

187 3792 324 3854 Avgerian
343 3793 469 3841 Nicolaus
489 3793 639 3857 (Mechith.)
660 3804 683 3856 5.

186 3878 323 3941 Aydiuian
341 3880 472 3927 Arsenius
492 3879 643 3944 (Mechith.)
664 3890 686 3941 5.

189 3965 334 4013 '**Azaria
352 3966 489 4014 Aristaces
510 3966 659 4030 (Mechith.)
679 3966 702 4015 6.

578 4160 617 4218 Β.

192 4310 294 4358 Baader
314 4311 420 4358 Marcus
440 4312 470 4373 (s.
484 4310 570 4375 Paul.)
591 4312 613 4358 8.

190 4396 370 4446 ***Babikian
388 4398 545 4465 Adeodatus
565 4396 715 4462 (Mechith.)
735 4398 759 4447 8.

189 4480 264 4548 dey
283 4485 400 4532 Isidorus
419 4484 462 4549 (de
482 4502 501 4532 s.
515 4487 553 4533 M.
567 4484 642 4548 Pan.)
665 4497 703 4533 10.

190 4572 276 4634 Bajtsi
294 4572 408 4620 Iacobus
428 4572 472 4636 (de
490 4588 510 4620 s.
524 4574 560 4619 M.
575 4571 652 4635 Pan.)
674 4584 712 4620 10.

188 4653 268 4705 Balas
287 4657 452 4722 Theophilus
472 4658 516 4722 (de
535 4675 554 4707 s.
569 4661 605 4706 M.
619 4658 694 4720 Pan.)
718 4671 756 4707 10.

189 4743 348 4807 ***Balgian
367 4746 522 4794 Alexander
540 4745 692 4811 (Mechith.)
715 4759 753 4795 12.

188 4831 282 4894 Ballay
301 4831 424 4881 Valerius
444 4832 487 4896 (de
507 4849 527 4882 s.
540 4836 577 4881 M.
591 4832 667 4896 Pan.)
690 4845 728 4880 12.

189 4919 305 4967 *Banics
324 4921 479 4969 Dominicus
499 4920 543 4985 (de
562 4936 582 4969 s.
597 4923 633 4969 M.
648 4920 724 4985 Pau.)
746 4933 783 4980 13.

189 5006 329 5053 Barbarics
349 5008 505 5056 Valentinus
525 5008 569 5071 (de
588 5024 607 5055 s.
622 5010 659 5056 M.
674 5008 749 5072 Pan.)
772 5020 809 5068 13.

189 5092 304 5155 Barbdly
323 5095 445 5142 Astricus
465 5093 508 5157 (de
529 5109 549 5142 s.
563 5097 599 5142 M.
613 5095 689 5157 Pan.)
713 5106 751 5153 14.

189 5179 327 5228 Baumann
346 5181 486 5230 Michaelis
505 5181 648 5246 (Sentens.)
671 5193 710 5240 14.

190 5267 367 5330 Baumgarten
386 5268 525 5317 Amandus
544 5267 673 5332 (Cremif.)
696 5278 734 5330 15.

191 5353 382 5415 Baumgartner
401 5358 540 5403 Romanus
560 5354 757 5418 (Michaelbur.)
781 5356 818 5403 16.

190 5439 346 5488 Bautraxler
364 5442 495 5489 Gerardus
515 5441 697 5506 (Seitenstad.)
719 5440 758 5490 16.

1052 2588 1056 2631 l
1094 2577 1186 2627 Beckh
1206 2577 1303 2627 Vitalis
1322 2577 1355 2625 de
1375 2576 1525 2641 (Admont.)
1548 2588 1587 2638 17.

1094 2665 1177 2728 Beely
1196 2664 1298 2713 Fidelis
1317 2663 1361 2727 (de
1381 2681 1401 2712 s.
1415 2666 1452 2712 M.
1466 2663 1542 2728 Pan.)
1564 2674 1604 2724 17.

1094 2749 1187 2800 Beked
1205 2751 1367 2800 Benedictus
1386 2749 1431 2815 (de
1450 2767 1470 2799 s.
1484 2753 1521 2799 M.
1535 2749 1611 2814 Pan.)
1649 2761 1673 2812 7.

1094 2837 1205 2900 Benydlt
1224 2838 1288 2887 Otto
1307 2838 1351 2901 (de
1370 2852 1391 2886 s.
1405 2839 1441 2886 M.
1455 2837 1531 2902 Pan.)
1553 2837 1593 2885 18.

1094 2927 1194 2987 Berger
1212 2925 1357 2973 Luiuridus
1377 2924 1517 2989 (Mnrens.)
1539 2924 1577 2972 18.

1094 3015 1195 3074 Berger
1213 3011 1353 3060 Othmarus
1374 3010 1524 3076 (Admonl.)
1545 3011 1585 3058 18.

1094 3098 1270 3162 Berhandslry
1289 3099 1413 3147 Placidus
1432 3097 1550 3162 (Salisb.)
1573 3110 1612 3158 19.

1094 3186 1196 3237 Berndl
1214 3187 1321 3234 Maurus
1341 3184 1538 3249 (Michaelbur.)
1561 3197 1599 3244 19.

1004 3284 1009 3295 ·
1095 3272 1259 3335 Bertalaully
1276 3271 1443 3321 Theodosius
1463 3271 1507 3335 (de
1526 3287 1546 3320 s.
1559 3273 1597 3319 M.
1612 3272 1690 3335 Pan.)
1726 3283 1749 3331 9.

1095 3361 1215 3421 Besange
1235 3360 1414 3421 Hieronymus
1434 3358 1563 3423 (Cremis.)
1585 3370 1624 3418 19.

1095 3446 1229 3495 Bezdieka
1246 3446 1390 3494 Anselmus
1409 3445 1533 3510 (Emaut)
1554 3457 1594 3494 20.

1095 3533 1240 3582 Bierbauer
1259 3532 1411 3596 Leopoldus
1431 3532 1474 3596 (de
1494 3548 1514 3581 s.
1528 3534 1565 3581 M.
1579 3531 1656 3596 Pan.)
1678 3544 1717 3580 21.

1096 3621 1196 3668 Binder
1215 3620 1338 3669 Urbanus
1358 3619 1487 3685 (Cremis.)
1508 3632 1549 3667 21.
1640 3617 1643 3622 ’

1096 3709 1188 3755 Binter
1205 3707 1324 3755 Ioachim
1344 3706 1483 3770 (Mnrens.)
1503 3719 1544 3754 22.

1096 3792 1286 3843 Bischolreiter
1304 3795 1435 3860 Martinus
1454 3793 1574 3858 (Salisb.)
1597 3805 1638 3841 22.

1096 3880 1270 3943 Bischowslry
1288 3882 1396 3928 Maurus
1415 3879 1597 3944 (Seitenstad.)
1617 3891 1658 3927 22.

1096 3968 1156 4016 Bita
1174 3967 1329 4015 Desiderius
1348 3965 1391 4028 (de
1412 3983 1431 4013 s.
1445 3968 1482 4013 M.
1496 3967 1572 4031 Pan.)
1593 3979 1634 4015 22.

1096 4054 1200 4102 *Bloch
1220 4053 1377 4102 Ambrosius
1397 4053 1535 4117 (Mnrens.)
1556 4066 1597 4113 23.

1097 4141 1181 4190 Bloch
1202 4142 1355 4189 Meinradus
1375 4140 1513 4204 (Mnrens.)
1535 4152 1574 4200 23.

1097 4229 1271 4290 Blumberger
1288 4226 1440 4275 Fridericus
1459 4226 1597 4290 (Gottvic.)
1635 4239 1659 4286 4.

1097 4313 1228 4363 Boeclrhu
1246 4313 1371 4361 Placidus
1393 4312 1511 4377 (Salisb.)
1551 4324 1573 4376 5.

1097 4403 1216 4466 Boppert
1236 4401 1372 4448 Conradus
1391 4401 1423 4463 (s.
1437 4400 1523 4464 Paul.)
1543 4401 1584 4448 26.

1097 4488 1213 4550 Borbdly
1233 4487 1371 4535 Cornelius
1390 4487 1433 4552 (de
1453 4502 1473 4536 s.
1486 4490 1523 4536 M.
1537 4487 1614 4552 Pau.)
1635 4498 1676 4548 27.

1097 4575 1251 4637 Borovszky
1270 4575 1423 4622 Leonardus
1443 4573 1487 4636 (de
1506 4591 1526 4622 s.
1539 4576 1577 4622 Μ.
1591 4574 1668 4638 Pan.)
1689 4573 1729 4621 28.

1098 4663 1234 4711 Borschlre
1252 4661 1377 4709 Andreas
1396 4661 1540 4726 (Scotens.)
1560 4662 1601 4710 28.

1097 4750 1240 4812 Borsinger
1257 4752 1372 4797 Ioannes
1390 4749 1439 4796 Eu.
1459 4747 1598 4812 (Mnrens.)
1619 4759 1659 4809 29.

1098 4835 1243 4897 ***Bosagi
1263 4836 1375 4885 Iacobus
1395 4834 1544 4899 (Mechith.)
1565 4847 1605 4895 29.

1097 4919 1223 4985 Bosnyak
1241 4923 1403 4970 Benedictus
1422 4923 1466 4986 (de
1488 4937 1507 4971 s.
1522 4924 1559 4971 M.
1573 4922 1650 4987 Pan.)
1669 4935 1711 4983 31.

1096 5011 1206 5058 Bossart
1225 5009 1366 5058 Othmarus
1385 5007 1525 5074 (Murcus.)
1544 5022 1586 5069 31.

1097 5096 1219 5144 Breither
1238 5096 1401 5160 Rudolphus
1421 5096 1577 5161 (Lambert.)
1597 5109 1638 5156 31.

1097 5182 1311 5246 *Brestyenszlry
1330 5183 1494 5232 Adalbertus
1514 5184 1557 5247 (de
1576 5199 1597 5232 s,
1611 5186 1649 5232 M.
1662 5183 1737 5248 Pan.)
1757 5196 1796 5243 31.

1097 5270 1214 5333 Breunig
1232 5272 1255 5318 F
1258 5271 1416 5319 erdinaudus
1435 5270 1578 5336 (Scotens.)
1598 5283 1640 5331 32.

1097 5357 1197 5418 Breyer
1215 5360 1295 5420 Hugo
1315 5358 1345 5421 (s.
1361 5357 1445 5421 Paul.)
1465 5369 1507 5417 32.

1097 5443 1296 5492 Biilbiidschian
1316 5446 1409 5493 Petrus
1428 5444 1580 5510 (Mechith.)
1599 5456 1641 5506 33.
