4252 6112
920 394 1294 530 -154-⁴

190 643 397 707 clericorum
417 651 453 703 et
472 640 633 723 magistri
654 640 876 722 novitiorum,
899 645 1020 705 1858-

196 770 274 829 1861
304 763 490 827 sacristiae
518 764 713 846 directoris,
745 768 911 827 1858—68
940 766 1022 827 sub·

190 887 319 972 prioris
340 899 376 950 et
401 891 566 965 1868-74
591 886 718 967 prioris
742 897 778 949 et
798 888 944 967 parochi
966 906 1023 950 ec·

190 1011 323 1074 01001110
344 1008 544 1072 claustralis
565 1019 601 1071 et
621 1013 702 1088 1874
724 1008 780 1071 die
801 1028 848 1087 14.
866 1010 939 1072 Ian.
962 1012 1023 1073 ab·

192 1136 258 1197 bas
275 1135 411 1196 electus
428 1140 493 1194 est.

278 1277 302 1332 F
305 1273 483 1351 estpredigt,
492 1272 631 1348 gehalten
642 1276 671 1329 in
684 1273 738 1330 der
747 1271 1023 1350 Stiftsplarrkirche

191 1381 247 1439 der
272 1378 590 1437 Benediktiner-Abtei
616 1378 771 1453 Gottweig
798 1397 844 1435 am
874 1394 923 1452 29.
948 1379 1022 1455 Apr.

196 1486 286 1560 1855.
300 1482 329 1562 (1.
340 1504 366 1563 e.
377 1486 491 1542 Contio
500 1483 653 1540 sollemnis
666 1481 767 1539 habita
777 1485 939 1540 occasione
951 1503 1023 1559 pro·

192 1591 378 1648 clamationis
394 1587 584 1662 dogmaticae
601 1589 716 1643 immac.
729 1601 867 1662 concept.
880 1587 913 1643 B.
928 1583 1022 1664 M.V.)

192 1696 216 1751 F
217 1696 281 1751 eier
297 1693 350 1749 der
366 1691 595 1767 dogmatischen
607 1690 836 1765 Entscheidung
853 1703 911 1747 etc.
928 1693 956 1746 in
969 1690 1023 1746 der

192 1801 324 1857 Dibcesc
340 1796 385 1854 St.
403 1797 517 1854 Polten.
540 1809 595 1868 145
614 1816 644 1872 p.

278 1962 520 2037 Gtissmann
562 1972 730 2035 Paulus
770 1971 1021 2054 (8011011011-

192 2092 383 2172 diensis),
399 2091 561 2153 Viennae
576 2091 613 2152 in
629 2090 777 2152 Austria
799 2090 856 2152 die
875 2111 903 2152 2.
920 2088 1020 2172 Sept.

196 2220 283 2295 173o
300 2223 404 2276 natus
426 2212 545 2294 ibique
566 2211 795 2274 humanitatis
816 2222 925 2294 atque
945 2211 1021 2295 phi,-

190 2335 373 2417 losophiae
396 2333 591 2415 disciplinis
612 2332 774 2395 excultus
798 2334 855 2395 die
883 2353 909 2397 1.
930 2333 1020 2397 Nov.

1102 644 1203 707 chiae
1216 644 1251 706 in
1262 643 1440 725 Abtenau,
1458 648 1539 723 1756
1551 647 1777 729 praepositus
1790 647 1827 710 in
1836 646 1943 710 Wie-

1102 765 1189 848 ting‚
1212 768 1351 828 demum
1372 769 1453 844 1759
1474 766 1714 831 confessarius
1730 768 1941 832 monialium

1102 906 1133 951 o.
1161 907 1190 949 s,
1214 888 1254 949 B.
1284 888 1318 949 in
1346 886 1532 969 Laengsee
1560 890 1773 953 constitutus
1801 890 1941 953 ibidem

1102 1008 1191 1071 obiit
1212 1030 1258 1071 11.
1276 1009 1351 1073 Iun.
1373 1012 1463 1088 1775.
1488 1008 1654 1092 Scripsit:

1189 1136 1212 1192 1.
1240 1134 1402 1192 Druzbichi
1430 1136 1521 1212 Casp.
1550 1135 1582 1193 S.
1607 1136 1628 1193 Ι.
1661 1137 1823 1195 Probstein
1852 1142 1941 1196 eines

1103 1239 1224 1296 wahren
1240 1238 1373 1308 GeisteS,
1395 1238 1471 1296 oder
1486 1239 1701 1317 denkwfirdige
1717 1243 1941 1319 Erwagungen

1102 1362 1162 1400 von
1179 1343 1233 1401 der
1247 1344 1522 1401 Vollkommenheit
1543 1345 1602 1403 und
1626 1346 1810 1405 Grundleste
1832 1349 1941 1405 stand-

1102 1446 1201 1504 haster
1217 1447 1395 1522 Tugenden.
1412 1444 1441 1526 (i.
1459 1467 1485 1505 e.
1499 1449 1570 1506 Veri
1586 1452 1711 1525 spiritus
1722 1451 1869 1527 probatio
1881 1471 1939 1509 seu

1102 1551 1140 1607 de
1150 1551 1337 1627 perfectione
1345 1566 1376 1609 et
1384 1551 1576 1611 fundamento
1586 1557 1726 1612 virtutum
1740 1554 1940 1636 disquisitio.)

1102 1655 1165 1712 Aus
1182 1656 1248 1712 dem
1265 1657 1478 1714 Lateinischen
1495 1659 1523 1713 in
1540 1658 1594 1714 das
1611 1660 1765 1717 Deutsche
1782 1659 1940 1718 iibersetzt

1102 1759 1161 1816 und
1177 1763 1229 1816 mit
1250 1758 1446 1836 beigeltlgten
1461 1761 1581 1818 Texten
1604 1781 1659 1820 aus
1684 1763 1740 1820 der
1761 1764 1860 1839 Regel
1882 1765 1939 1822 des

1101 1864 1139 1922 hl.
1172 1864 1318 1922 Benedikt
1348 1867 1508 1923 vermehrt.
1541 1867 1733 1942 Tegernsee‚
1766 1884 1860 1942 1740.
1893 1869 1937 1928 8⁰.

1102 1967 1165 2042 506
1182 1989 1211 2046 p.

1189 2074 1225 2130 II.
1244 2074 1351 2131 Oratio
1367 2077 1396 2131 in
1410 2076 1638 2133 confirmatione
1652 2079 1763 2144 Bedae‚
1778 2078 1870 2136 electi
1883 2077 1938 2136 ab·

1101 2176 1179 2234 batis
1200 2197 1224 2234 s.
1242 2178 1323 2234 Petri
1338 2176 1518 2254 Salisburgi.
1543 2178 1723 2257 Salisburgi,
1752 2196 1845 2256 1753.
1871 2184 1936 2240 Fol.

1188 2324 1365 2398 Gutrath
1394 2337 1512 2403 Oddo
1540 2338 1573 2420 (a
1599 2359 1627 2404 s.
1651 2340 1778 2404 Petro
1808 2340 1937 2406 Salis·

196 2462 274 2537 1757
307 2458 490 2539 ingressus
521 2464 576 2517 est
603 2464 742 2517 coetum
770 2454 1021 2517 monachorum
1100 2451 1251 2534 burgi),
1284 2451 1485 2538 Salisburgi
1517 2461 1564 2521 15.
1594 2456 1673 2521 001.
1705 2462 1784 2537 1705
1819 2470 1935 2544 natus,

191 2576 555 2655 Seitenstadiensium,
577 2596 724 2657 quorum
746 2596 810 2657 per
830 2575 1021 2657 professio·
1101 2574 1265 2637 absoluta
1292 2576 1470 2639 rhetorica
1498 2597 1579 2658 ¹7²0
1606 2579 1761 2643 novitius
1788 2592 1828 2644 et
1855 2602 1932 2662 1721

192 2722 272 2766 nem
288 2701 492 2763 sollemnem
513 2699 571 2761 die
596 2719 621 2761 1.
638 2697 728 2762 Nov.
750 2702 830 2775 1758
857 2698 1021 2760 emissam

192 2823 324 2888 sodalis
341 2831 396 2885 est
408 2821 535 2885 factus,
552 2820 739 2883 Absolutis
754 2820 790 2883 in
806 2819 1021 2882 monasterio

192 2967 219 3010 s.
244 2943 446 3027 theologiae
471 2941 598 3005 studiis
626 2943 672 3005 ad
700 2941 937 3004 sacerdotium
964 2940 1021 3004 die

193 3073 222 3132 8.
250 3066 350 3148 Sept.
383 3069 464 3146 1760
494 3074 650 3146 evectus,
678 3063 786 3126 variis
817 3061 1022 3126 monasterii

192 3188 318 3253 officiis
348 3186 503 3250 maxima
533 3206 612 3249 cum
647 3186 753 3247 laude
784 3195 838 3248 est
868 3184 1022 3247 functus.

192 3313 377 3375 Postremo
401 3318 520 3372 aetate
547 3307 681 3385 fractus
709 3306 873 3370 omnibus
897 3305 1022 3369 officiis

192 3454 231 3497 se
258 3430 440 3495 abdicavit
467 3439 503 3492 et
529 3429 703 3491 iubilaeus
727 3428 959 3510 professionis
987 3437 1023 3490 et

192 3553 382 3619 sacerdotii
400 3552 434 3615 in
450 3561 569 3614 monte
586 3561 710 3614 sancto
726 3551 792 3613 soli
806 3551 883 3613 Deo
896 3549 1023 3613 vivens

104 3662 106 3667 ¹
192 3676 249 3739 die
270 3696 317 3738 12.
334 3676 408 3738 Iun.
430 3676 510 3751 1819
527 3672 680 3735 animam
697 3671 909 3752 exspiravit.

279 3803 446 3887 Scripsit:

280 3939 446 4016 Suppetiae
461 3938 499 3994 ad
516 3937 627 4012 aliquid
644 3936 802 3993 dicendum
819 3937 866 3993 vel
888 3935 1023 3993 scriben-

193 4045 261 4101 dum
278 4043 315 4099 de
332 4042 482 4098 inferioris
498 4040 639 4097 Austriae
655 4039 778 4097 abbatia
799 4043 827 4096 in
844 4038 1023 4096 Seitenstet·

193 4162 253 4205 ten.
270 4149 404 4204 Manusc.
423 4161 439 4202 2
454 4145 564 4201 volum.
578 4148 606 4200 in
619 4143 757 4201 biblioth.
768 4158 895 4201 monast.
904 4143 1023 4201 Seiren-

193 4237 355 4310 stadiensis
372 4249 522 4306 adservat.

281 4414 458 4488 Gunath
485 4427 654 4489 Ioannis
683 4426 751 4489 Ev.
782 4428 814 4510 (a
842 4446 868 4488 s
897 4425 1023 4488 Petro

194 4542 461 4627 Salisburgi),
493 4555 598 4608 natus
630 4544 829 4628 Salisburgi
865 4566 915 4608 22.
945 4543 1023 4608 Oct.

198 4685 288 4748 1707,
306 4666 461 4729 novitius
479 4688 529 4731 22.
546 4668 633 4749 Apr.
656 4672 745 4748 1723,
767 4666 950 4748 professus
972 4672 1023 4730 30.

193 4788 282 4870 Apr.
308 4809 398 4870 1724,
421 4799 607 4872 neomysta
624 4811 674 4868 24.
691 4787 791 4871 Sept.
813 4793 904 4870 1730,
921 4790 1025 4851 abso·

193 4911 277 4974 lutis
293 4911 420 4975 studiis
436 4911 618 4974 altioribus
640 4921 675 4974 et
697 4910 859 4974 examine
881 4930 928 4973 ex
949 4910 1024 4972 uni-

194 5054 298 5098 versa
318 5033 498 5117 theologia
519 5054 583 5117 pro
603 5035 724 5096 laurea
748 5052 924 5115 suprema,
951 5032 1023 5114 pri·

195 5176 287 5218 mum
314 5155 709 5237 17341111111011100011110,
736 5154 1023 5236 1736000011011-

195 5274 318 5338 tiarius
335 5276 369 5338 in
384 5276 627 5359 Maria-Plain,
654 5297 730 5356 1741
755 5276 967 5340 novitiorum
988 5285 1024 5339 et

1101 2695 1283 2777 professus
1308 2699 1527 2781 monasterii,
1558 2719 1702 2764 emenso
1726 2721 1834 2766 cursu
1858 2703 1936 2785 phi·

1100 2816 1282 2899 losophico
1299 2829 1335 2882 et
1351 2821 1553 2904 theologico
1570 2843 1620 2902 ²7-
1634 2820 1734 2905 Sept.
1752 2844 1835 2905 17²9
1852 2828 1958 2889 1100-’

1101 2950 1227 3022 mysta‚
1245 2944 1325 3020 1735
1343 2942 1531 3023 primarius
1546 2944 1839 3010 bibliothecarius
1852 2968 1936 3011 con-

1101 3061 1268 3144 stituitur,
1292 3064 1356 3126 sed
1380 3065 1544 3146 sequenti
1569 3066 1637 3129 iam
1662 3087 1754 3131 anno
1777 3069 1935 3150 philoso-

1101 3184 1220 3265 phiam
1244 3185 1279 3247 in
1300 3185 1394 3250 univ.
1411 3186 1540 3252 Salisb.
1561 3189 1689 3252 docere
1712 3190 1832 3253 iussus
1855 3213 1936 3255 eam

1101 3307 1245 3370 biennio
1258 3308 1421 3371 absolvit.
1439 3309 1545 3373 Anno
1565 3316 1644 3390 1743
1662 3311 1720 3374 die
1736 3318 1764 3376 6.
1775 3313 1866 3394 Apr.
1879 3335 1938 3377 su·

1102 3449 1267 3511 premas.
1284 3431 1487 3514 theologiae
1506 3433 1627 3495 laurea
1649 3435 1840 3498 decoratus
1861 3437 1936 3518 pri-

1102 3543 1206 3619 mum¹
1224 3553 1484 3616 controversias
1510 3553 1593 3617 fidei
1621 3554 1655 3617 in
1683 3556 1777 3619 univ.
1803 3555 1938 3625 Salisb.

1103 3673 1233 3756 docuit,
1255 3675 1318 3736 sed
1335 3675 1498 3756 sequenti
1514 3696 1607 3739 anno
1623 3688 1813 3741 vacantem
1836 3680 1939 3744 theo·

1103 3795 1222 3877 logiae
1238 3796 1381 3858 moralis
1403 3797 1609 3860 cathedram
1631 3818 1782 3861 unacum
1808 3799 1941 3864 officiis

1103 3917 1285 3980 secretarii
1324 3926 1360 3980 et
1397 3917 1656 3981 bibliothecarii
1691 3919 1941 3986 universitatis

1102 4050 1210 4121 atque
1227 4042 1273 4102 ab
1289 4059 1382 4103 anno
1399 4044 1562 4119 1748-51
1579 4040 1738 4124 religiosi
1750 4044 1942 4109 convictus

1103 4162 1260 4244 regentis
1289 4162 1457 4244 suscepit.
1480 4163 1541 4225 Ab
1569 4184 1661 4227 anno
1689 4169 1769 4244 1748
1799 4167 1942 4232 theolo-

1103 4285 1198 4368 giam
1214 4285 1454 4368 dogmaticam
1466 4285 1596 4368 docuit‚
1611 4306 1715 4368 quam
1728 4287 1942 4353 cathedram

1103 4426 1195 4469 anno
1221 4411 1301 4486 1756
1322 4428 1402 4470 011111
1422 4408 1592 4470 cathedra
1613 4410 1942 4476 controversiarum

1104 4539 1318 4591 commutare
1335 4538 1482 4610 propter
1497 4549 1597 4591 suam
1614 4528 1849 4593 eruditionem
1868 4532 1942 4596 ius·

1104 4668 1163 4712 sus
1180 4659 1245 4732 est,
1268 4650 1397 4732 quibus
1413 4650 1582 4714 docendis
1603 4650 1710 4714 etiam
1726 4650 1940 4718 immortuus

1104 4778 1159 4831 est
1176 4789 1226 4832 22.
1243 4769 1307 4832 Iul.
1329 4771 1418 4851 1759,
1439 4788 1607 4852 magnum
1623 4790 1708 4834 suae
1725 4773 1940 4838 eruditionis

1103 4899 1140 4953 et
1155 4890 1300 4973 pietatis
1317 4890 1530 4954 desiderium
1545 4893 1757 4974 relinquens

1190 5028 1396 5112 Sequuntur
1412 5030 1484 5092 eius
1500 5031 1647 5112 scripta:

1189 5176 1213 5231 1.
1235 5174 1433 5233 Universalia.
1454 5173 1635 5250 Salisburgi,
1657 5177 1752 5252 Mayr.
1778 5192 1871 5252 1737.
1896 5180 1940 5239 8⁰.

1191 5297 1228 5355 11.
1248 5298 1347 5354 Prima
1367 5299 1475 5354 mentis
1497 5301 1636 5373 operatio
1652 5300 1869 5359 summulisticc
1887 5323 1941 5362 ex·

195 5395 401 5460 clericorum
422 5399 606 5480 magister,
634 5402 714 5477 1753
739 5398 893 5461 vicarius
920 5418 1023 5480 paro·
1105 5403 1215 5478 posita.
1234 5401 1309 5459 lbid.
1331 5415 1421 5475 1737.
1439 5401 1482 5459 8⁰.
