4222 6106
912 491 960 499 —
1016 450 1089 538 408
1146 457 1226 498 —'

193 659 372 716 Gebrauche
390 658 436 714 fiir
452 659 509 714 den
526 658 697 716 Unterricht
716 624 745 713 ln
768 657 822 713 der
837 669 938 713 ersten
953 656 1012 712 und
1050 664 1054 731 1
1093 651 1224 713 ibidem
1245 650 1552 732 frequentatums;
1574 648 1790 713 Crumlovio
1809 647 1944 711 Cremi-

191 767 313 819 Wssltess
330 764 445 820 Classe.
470 760 499 840 (i.
521 783 547 820 0·
573 763 702 838 Eti'm0l·
724 775 755 819 ⁶1
775 776 891 836 syssm·
912 763 1012 818 Latin·
1051 742 1054 825 l
1092 772 1212 835 fanum
1229 771 1337 852 venit,
1359 772 1546 854 poeticam,
1569 771 1806 852 rhetoricam,
1825 772 1943 853 ,philo-

190 868 226 923 ad
245 887 327 923 usum
344 867 528 945 applicatio)
560 883 571 923 1
595 867 655 924 vol.
684 866 726 924 80.
750 868 894 934 Viennae,
923 865 1013 938 1848,
1051 852 1054 939 l

189 972 268 1047 apud
283 973 333 1028 Fr.
351 971 443 1028 Beck.

276 1075 325 1131 lV.
344 1074 500 1131 Leitfaden
516 1073 595 1131 belm
610 1076 799 1133 L'nterrichte
816 1078 845 1131 in
861 1074 914 1131 der
930 1074 1014 1130 deut·

189 1180 281 1236 schem
306 1169 449 1236 Formen'·
474 1180 532 1235 und
557 1179 712 1236 Satzlehre
740 1179 787 1236 fiir
814 1179 862 1236 die
889 1195 1015 1235 unteren

189 1283 317 1339 Klassen
339 1284 392 1339 der
413 1284 598 1358 Gymnasien
620 1259 678 1339 und
698 1284 907 1341 Realschulen.
931 1285 1014 1340 Nach

190 1388 245 1455 den
277 1403 420 1444 neuesten
451 1388 616 1445 deutschen
643 1387 895 1464 Sprachbtichern
926 1387 1013 1444 bear-

188 1490 291 1548 beitet.
308 1489 337 1569 (i.
355 1512 380 1548 e.
399 1491 500 1559 Liber,
518 1511 606 1567 quern
624 1495 709 1567 quasi
727 1493 832 1549 ducem
849 1507 1015 1567 sequantur

190 1598 217 1652 in
233 1597 370 1652 docenda
386 1598 487 1671 lingua
503 1595 678 1674 Germana.)
699 1612 710 1653 1
731 1599 791 1654 vol.
810 1597 853 1654 80.
870 1597 1013 1664 Viennae,

193 1700 283 1774 1849,
300 1702 379 1777 apud
395 1702 444 1758 Fr.
462 1702 553 1758 Beck.
577 1703 651 1758 Cum
668 1702 815 1777 complur.
833 1705 929 1758 iterat.
943 1702 1013 1758 edit.

274 1823 310 1880 V.
320 1822 728 1900 Theoretisch·praktisches
741 1825 932 1881 lateinisches
944 1825 1014 1881 Ele-

189 1926 383 1984 mentarbuch
405 1928 451 1983 1111
471 1928 518 1984 die
535 1944 614 1985 erste
631 1928 915 2003 Gymnasialclasse.
940 1926 969 2006 (i.
987 1948 1013 1986 e.

189 2030 291 2098 Liber,
317 2033 345 2087 in
369 2050 430 2106 quo
454 2033 572 2106 linguae
590 2033 715 2089 Latinae
739 2031 929 2089 fundamenta
954 2048 1014 2089 tra·

189 2134 318 2212 duntur.)
338 2152 349 2193 1
367 2136 426 2191 rol.
444 2135 485 2192 8⁰.
504 2137 646 2201 Viennae,
665 2136 754 2210 1850,
766 2137 845 2214 apud
857 2139 907 2193 Fr.
923 2139 1013 2195 Beck.
1051 2166 1054 2261 7

189 2240 262 2297 Cum
280 2242 377 2296 iterat.
394 2242 526 2315 quinque
542 2240 612 2297 edit.
638 2241 696 2310 Qui
713 2241 789 2298 liber
805 2261 822 2298 a
836 2243 867 2298 P.
881 2243 1013 2299 Henrico

189 2344 361 2411 Mascheck,
386 2343 464 2418 prol.
490 2346 518 2399 in
541 2347 697 2419 gymnasio
721 2346 759 2401 ad
779 2345 891 2403 Scotos
915 2347 1013 2403 denuo

190 2445 362 2503 elaboratus
386 2447 484 2504 editus
508 2460 553 2504 est
573 2448 716 2516 Viennae,
746 2449 835 2523 1871,
861 2450 941 2525 apud
964 2451 1013 2506 Fr.

190 2551 280 2607 Beck.

276 2656 325 2711 Vl.
355 2655 562 2711 Lateinisches
586 2657 681 2712 Lese·
705 2658 763 2713 und
790 2656 1015 2732 Uebungsbuch

190 2758 236 2815 fiir
259 2760 306 2816 die
330 2762 434 2816 zweite
459 2760 741 2835 Gymnasialclasse.
773 2762 827 2819 Als
850 2761 1017 2838 Vorilbung

188 2882 240 2918 zur
256 2864 388 2920 Lectiire
405 2863 457 2920 des
474 2864 633 2920 Cornelius
649 2866 753 2940 Nepos
770 2867 846 2923 nach
858 2867 1015 2924 Putsche’s

189 2969 287 3026 latein.
304 2968 492 3026 Grammatik
509 2970 657 3044 geordnet
671 2971 729 3026 und
745 2970 923 3028 bearbeitet.
941 2969 969 3050 (i.
989 2991 1015 3029 e.

188 3072 291 3140 Liber,
308 3092 369 3148 quo
385 3076 469 3148 pueri
487 3077 679 3132 instituuntur
699 3076 736 3131 ad
758 3076 915 3132 lectionem
932 3078 1016 3133 Lati·

188 3177 277 3256 nam.)
306 3194 315 3234 1
337 3179 396 3235 vol.
420 3180 461 3235 80.
480 3175 625 3245 Viennae,
648 3179 738 3252 1851,
761 3181 839 3256 apud
856 3183 905 3238 Fr.
923 3182 1014 3238 Beck.

151 3342 165 3359 .
188 3283 260 3340 Cum
279 3286 376 3339 iterat.
394 3300 412 3355 1,
430 3284 499 3340 edit.
524 3285 581 3340 Hic
607 3282 681 3340 liber
705 3304 722 3340 a
747 3287 778 3340 P.
801 3287 935 3343 Henrico
951 3288 1015 3342 Ma·

188 3389 300 3444 scheck
308 3388 407 3444 denuo
416 3387 590 3444 elaboratus
600 3388 698 3444 editus
709 3403 755 3444 est
765 3390 908 3456 Viennae,
924 3388 980 3463 187
984 3405 1014 3462 3,

188 3493 266 3567 apud
283 3494 331 3548 Fr.
351 3492 443 3548 Beck.

275 3598 337 3654 Vll.
353 3597 545 3652 Lateinische
558 3596 830 3671 Schulgrammatik
847 3597 893 3653 fiir
909 3598 956 3654 die
974 3614 1013 3663 2.,

186 3715 215 3772 3.
247 3701 303 3756 und
331 3718 360 3772 4.
386 3701 491 3757 Classe
516 3701 568 3756 des
594 3702 903 3775 Untergymnasiums.
932 3701 962 3779 (i.
987 3722 1012 3759 e.

186 3806 388 3862 Grammatica
405 3806 512 3861 Latina
534 3824 590 3880 pro
608 3822 635 3861 2.
654 3820 683 3877 3.
702 3821 731 3862 et
748 3823 777 3878 4.
796 3807 883 3863 class.
901 3806 1014 3885 gymn.)

190 3925 200 3965 1
221 3911 279 3966 vul.
298 3910 339 3967 8⁰.
357 3912 501 3971 Viennae,
524 3908 613 3982 1854,
632 3911 711 3986 apud
728 3910 777 3966 Fr.
796 3912 886 3967 Beck.

272 4034 350 4089 Vlll.
376 4033 567 4088 Lateinische
593 4033 781 4090 Grammatik
811 4034 857 4090 fiir
880 4034 1013 4109 Gymna-

186 4133 258 4191 sien.
280 4135 308 4211 (i.
327 4156 352 4192 e.
374 4137 577 4193 (irammatica
594 4139 702 4193 Latina
719 4141 747 4193 in
765 4158 848 4194 usum
866 4138 1013 4217 gymnas.)

133 4263 137 4271 ¹
191 4255 201 4294 1
222 4241 280 4295 vol.
305 4242 346 4297 8⁰.
370 4242 512 4306 Viennae,
534 4241 623 4313 1858,
648 4241 728 4316 apud
752 4242 800 4297 Fr.
822 4243 913 4299 Beck.
939 4244 1012 4300 Cum

185 4343 307 4420 subseq.
327 4361 342 4401 2
362 4345 432 4400 edit.

272 4451 322 4505 IX.
347 4451 536 4524 (fonscripsit
560 4449 596 4505 ad
619 4469 802 4525 programm.
820 4470 954 4525 gymnas
977 4452 1013 4507 ad

185 4553 295 4610 Scotos
320 4573 375 4629 pro
400 4572 477 4609 anno
507 4553 600 4626 1855:
625 4554 853 4627 Bemerkungen
876 4554 950 4611 iiber
965 4556 1012 4612 die

184 4659 507 4735 Hauptdeclinationen
520 4659 573 4714 der
586 4659 739 4714 Lateiner.
753 4656 818 4736 (1.1.
831 4659 1012 4716 Dissertatio

183 4764 219 4820 de
236 4763 485 4820 declinationibus
502 4766 673 4839 praecipuis
691 4764 809 4837 linguae
826 4765 894 4819 Lat.

270 4911 519 4985 Schirmann
550 4921 819 4985 Coelestinus
854 4920 1011 5005 (Cremi-

183 5039 393 5120 fanensis),
408 5052 513 5101 antea
522 5040 682 5122 Alexius,
694 5042 1011 5105 AustriacusWel-

183 5162 306 5240 sensis,
324 5162 380 5223 die
402 5183 447 5240 17.
461 5163 526 5224 Iul.
545 5164 626 5225 anni
645 5183 724 5242 1724
741 5175 855 5245 natus,
874 5165 1009 5227 decimo

1094 878 1255 976 sophiam
1265 896 1592 975 comprehensurus.
1610 892 1761 956 Exacto
1774 892 1943 955 tirocinio

1095 1037 1145 1094 24·
1163 1015 1251 1097 Apr.
1273 1021 1351 1095 1743
1369 1015 1534 1099 religioni
1548 1034 1680 1079 nornen
1699 1016 1810 1078 dedit
1827 1026 1867 1078 et
1883 1018 1943 1076 ab·

1095 1139 1220 1201 solutis
1230 1137 1430 1221 Salisburgi
1442 1138 1656 1221 theologicis
1668 1138 1811 1201 studiis
1824 1157 1943 1200 sacer·

1095 1263 1159 1322 dos
1176 1260 1292 1323 factus
1315 1271 1370 1323 est
1391 1260 1449 1323 die
1470 1282 1495 1322 1.
1511 1260 1601 1323 Nov.
1623 1264 1721 1339 1748.
1746 1259 1942 1322 Professor

1094 1383 1365 1464 grammaticae,
1397 1393 1608 1465 syntaerS,
1639 1385 1690 1444 ab
1723 1402 1827 1445 anno
1861 1387 1938 1461 1752

1094 1504 1343 1586 philosophiae
1371 1507 1565 1568 secundum
1584 1503 1714 1567 Wolfii
1738 1518 1939 1586 praecepta

1094 1626 1292 1708 professor,
1331 1626 1460 1689 deinde
1490 1626 1676 1708 professor
1709 1627 1937 1709 theologiae:

1096 1750 1227 1831 ,decus
1244 1760 1279 1812 et
1296 1760 1540 1812 ornamentum
1556 1749 1796 1811 academiae“
1814 1751 1934 1831 appel·

1093 1870 1202 1944 latus;
1229 1875 1394 1950 1764-72
1413 1871 1518 1953 prior,
1539 1872 1585 1933 ab
1606 1890 1705 1933 anno
1726 1891 1811 1950 1772
1835 1891 1933 1952 paro-

1094 1993 1180 2054 chus
1196 1993 1231 2054 in
1248 1992 1447 2065 Thalheim;
1472 1996 1552 2071 1778
1574 1992 1735 2055 director
1749 1992 1926 2056 facultatis

1094 2113 1361 2195 philosophicae
1377 2113 1575 2176 Linciensis
1598 2125 1636 2177 et
1654 2113 1833 2176 librorum
1852 2134 1920 2177 cen·

1094 2254 1153 2297 sor
1168 2255 1233 2317 per
1249 2237 1372 2298 decem
1389 2255 1501 2298 annos
1516 2237 1585 2297 hoc
1601 2255 1751 2298 munere
1773 2236 1912 2307 functus,-

1099 2361 1176 2436 1787
1195 2358 1459 2420 administrator
1475 2359 1674 2420 decanatus
1687 2355 1900 2421 Gmundemsis

1095 2489 1131 2541 et
1154 2500 1198 2541 rr.
1224 2479 1424 2542 consistorii
1448 2479 1692 2561 consiliariuS,
1715 2481 1821 2561 paulo
1838 2496 1894 2562 post

1095 2603 1253 2664 decanus
1265 2602 1548 2664 Thalheimensis
1560 2602 1651 2665 obiit
1667 2608 1720 2667 31.
1732 2603 1815 2665 Maii
1827 2610 1886 2682 1791.

1183 2749 1402 2832 Conscripsit
1418 2751 1587 2833 typisque
1604 2752 1782 2834 vulgavit:

1182 2903 1205 2958 l.
1222 2904 1393 2959 Positiones
1409 2921 1446 2959 ex
1464 2904 1486 2959 l.
1504 2918 1534 2959 et
1549 2904 1587 2959 II.
1605 2916 1693 2978 parte
1709 2906 1879 2961 institutionum

1096 3007 1247 3082 physices.
1272 3008 1327 3063 His
1351 3007 1470 3064 additus
1486 3005 1540 3064 ‘est
1561 3021 1744 3084 conspectus
1759 3010 1825 3064 trium
1836 3007 1879 3080 pri·

1096 3118 1209 3167 matum
1227 3113 1421 3188 positionum.
1440 3112 1558 3187 Styrae,
1580 3111 1673 3187 1756.
1690 3119 1732 3186 4⁰.
1747 3111 1786 3186 46.
1795 3132 1816 3188 p.

1184 3242 1220 3297 ll.
1238 3243 1285 3298 De
1301 3242 1411 3298 mundo
1428 3246 1553 3318 optimc,
1570 3243 1712 3311 libertati,
1728 3242 1846 3319 potentiae
1855 3250 1876 3290 et

1096 3348 1261 3421 sapientiae
1279 3348 1337 3403 Dei
1355 3350 1641 3404 convenientissimo
1662 3347 1811 3404 dissertatio
1825 3336 1873 3396 aca-

1095 3450 1219 3506 demica.
1237 3449 1356 3526 Styrae‚
1379 3451 1469 3524 1756,
1487 3460 1530 3525 40.
1547 3455 1616 3508 mai.
1639 3451 1698 3509 160
1713 3472 1739 3528 p.

1182 3604 1375 3666 Praeterea
1399 3604 1520 3666 variae
1547 3605 1741 3686 positiones
1763 3600 1870 3685 philoso-

1094 3725 1237 3807 phicae,
1270 3727 1354 3788 item
1385 3726 1610 3810 theologicae
1641 3727 1678 3790 in
1710 3715 1868 3789 academicis

1094 3847 1394 3927 disputationibus
1422 3849 1468 3909 ab
1499 3850 1625 3911 eodem
1653 3846 1826 3931 propositae
1845 3850 1867 3896 et

1093 3969 1190 4050 typis
1207 3969 1439 4053 Styrensibus
1456 3972 1627 4054 vulgatae
1645 3983 1741 4035 sunt:

1181 4132 1231 4188 lll.
1257 4133 1483 4189 Elucidationes
1509 4135 1537 4189 in
1562 4135 1759 4190 institutiones
1778 4124 1867 4207 phitom

1094 4237 1182 4311 phiae
1199 4237 1370 4293 Wolfianae
1387 4238 1574 4294 theoreticae
1592 4253 1622 4295 et
1637 4240 1785 4315 practicae.
1797 4230 1834 4286 llS·

1180 4368 1229 4424 lV.
1248 4368 1330 4424 Varii
1347 4368 1384 4425 de
1402 4369 1469 4425 Deo
1486 4387 1556 4437 uno,
1580 4369 1617 4426 de
1634 4370 1702 4426 Deo
1717 4371 1790 4431 trino,
1802 4359 1867 4414 dest·

1094 4475 1267 4537 eramentis,
1296 4473 1335 4528 de
1361 4476 1473 4546 gratia,
1503 4474 1540 4530 de
1567 4474 1685 4533 actibus
1707 4468 1815 4530 humanis
1830 4471 1867 4512 etc.
1923 4534 1927 4541 Ι

1094 4590 1239 4633 tractatus
1256 4578 1433 4650 theologici.
1451 4579 1508 4634 Ms.

1178 4700 1214 4756 V.
1247 4687 1472 4775 Chronologica
1505 4701 1656 4758 ecclesiae
1684 4680 1866 4757 Thalheimensis

1092 4805 1226 4859 historia.
1244 4804 1299 4859 Ms.

1178 4941 1370 5003 Praeterea
1387 4960 1429 5002 eo
1445 4941 1612 5022 praeside
1628 4944 1695 5004 hae
1711 4919 1866 5020 disputatio

1091 5082 1153 5124 nes
1170 5063 1205 5125 in
1222 5063 1405 5124 academia
1423 5063 1596 5125 nobilium
1612 5064 1752 5127 habitae
1766 5060 1835 5122 sunt:

1176 5206 1227 5263 Vl.
1250 5206 1453 5275 Quaestiones
1475 5219 1505 5262 et
1527 5209 1697 5282 positiones
1720 5193 1867 5280 1171101010·

183 5284 412 5345 aetatisanno
422 5283 660 5346 Crumlovium
674 5285 710 5346 in
721 5286 892 5348 Bohemia
905 5287 1010 5347 situm
1091 5313 1184 5367 770770
1211 5311 1437 5386 7770007770,
1466 5311 1565 5385 logica
1594 5327 1624 5368 07
1651 5304 1864 5383 0707077711.

184 5404 357 5464 deductus
371 5416 434 5487 est,
452 5406 677 5487 gymnasium
689 5417 829 5488 patrum
845 5428 914 5469 soc.
929 5408 1009 5469 Iesu
1048 5368 1051 5490 l
1090 5412 1653 5492 5171511111111111111.17554087).
