4222 6106
929 504 1185 571 -„,..

205 692 297 761 esset,
318 681 357 744 P.
379 678 659 769 Carolomannus
682 685 728 746 ab
753 687 885 749 abbate
905 687 1019 750 Mein·
1059 682 1063 745 I
1100 691 1322 748 vindelicorum
1339 693 1407 748 XII.
1425 691 1574 748 Calendas
1591 690 1675 769 Sept.
1693 695 1761 749 anni
1779 692 1858 766 1838
1876 696 1933 751 rite

201 806 280 867 rado
292 805 370 867 illuc
387 805 582 888 deputatus
598 816 663 886 est,
685 816 721 870 et
743 807 792 869 ibi
813 809 968 872 docebat
984 811 1019 873 in

196 925 388 1009 gymnasie,
421 927 630 1009 plerumque
657 927 693 990 in
721 929 824 1010 lyceo
851 933 898 993 ab
925 952 1018 994 anno

197 1053 367 1131 1835-39,
392 1059 430 1112 et
453 1051 500 1112 ab
515 1070 609 1112 anno
631 1055 796 1130 1843—47
815 1054 1018 1116 archaeolo-

191 1173 294 1257 giam,
312 1170 507 1253 historiam,
529 1170 801 1254 philosophiam,
824 1174 1019 1256 explicavit

190 1304 350 1359 auctores
362 1293 533 1357 classicos
543 1293 701 1357 Graecos
713 1305 749 1357 et
757 1294 904 1358 Latinos
917 1306 1018 1361 tanto

188 1416 424 1482 studiosorum
445 1416 482 1478 in
502 1415 572 1478 illis
588 1416 747 1479 scientiis
768 1437 962 1500 progressu
982 1429 1018 1481 et

187 1558 269 1605 cum
287 1547 387 1601 tanta
410 1537 632 1620 superiorum
656 1539 778 1621 laude,
803 1550 842 1602 ut
865 1540 1018 1603 facultas

186 1659 434 1749 philosophica
472 1660 716 1723 universitatis
751 1662 1017 1745 Monachiensis

185 1801 271 1851 eum
285 1783 463 1844 doctorem
479 1782 728 1864 philosophiae
749 1784 892 1846 honoris
910 1805 1017 1847 causa

186 1903 451 1985 renuntiaverit,
468 1914 505 1966 et
521 1904 765 1968 discedentem
782 1925 929 1987 praeses
946 1907 1017 1968 col-

189 2025 278 2108 legii
294 2025 474 2107 regiminis
496 2046 604 2109 aegre
627 2037 662 2088 et
684 2047 763 2089 cum
786 2026 1017 2089 honorificen-

192 2144 323 2214 tissimo
341 2146 546 2210 testimonio
568 2148 750 2212 dimiserit.
774 2148 890 2211 Annis
910 2148 1017 2210 inter·

197 2266 313 2334 mediis
331 2270 387 2331 vel
409 2268 592 2351 professor
612 2269 791 2353 gymnasii
813 2271 859 2332 ad
880 2292 907 2336 s,
924 2272 1016 2333 Pau-

199 2393 271 2452 lum
281 2391 330 2452 vel
344 2392 521 2473 parochus
537 2392 583 2452 ad
599 2412 626 2452 s.
644 2389 840 2473 Georgium
857 2402 947 2467 erat;
970 2395 1016 2454 ab

205 2516 382 2590 ann0184p
404 2512 532 2576 iterum
554 2511 736 2597 professor
758 2513 936 2598 gymnasii
959 2535 1016 2576 su-

206 2630 334 2709 perioris
346 2633 655 2717 Clagenfurtensis
672 2636 879 2715 explicabat
894 2646 1015 2699 aueto-

205 2768 259 2810 res
281 2756 442 2819 classicos
471 2754 631 2818 Graecos
663 2766 699 2818 et
726 2756 873 2820 Latinos
904 2760 1014 2820 multo

202 2887 306 2941 amore
317 2889 351 2941 et
366 2879 499 2961 insigni
512 2879 751 2942 studiosorum
763 2879 907 2954 fructui,
926 2880 1015 2942 istos

199 2993 318 3081 quippe
333 3001 526 3083 scriptores
542 3010 650 3063 noctu
667 3001 798 3082 diuque
815 3022 920 3064 manu
936 3022 1014 3064 ver-

195 3114 301 3204 sabat,
316 3124 359 3184 ad
375 3124 575 3185 docendum
597 3143 738 3204 semper
758 3133 915 3205 paratus,
939 3125 1013 3186 An-

191 3245 322 3307 Ῑ1018ὁὸ
335 3245 505 3307 cathedra
518 3245 749 3325 descendens,
766 3245 812 3306 ad
825 3264 852 3308 s.
862 3245 1013 3307 Paulum

188 3365 368 3448 concessit,
380 3365 509 3430 litteris
522 3388 655 3430 vacans
668 3377 704 3429 et
717 3370 873 3450 parocho
884 3389 1012 3451 coope-

185 3488 278 3549 fassS.
291 3489 392 3552 Anno
407 3493 489 3570 1870
501 3489 536 3552 in
546 3490 692 3552 Tirolim
704 3491 887 3573 profectus
896 3492 1012 3554 Brixi-

183 3608 247 3661 nae
264 3612 467 3694 aegrotavit
483 3631 529 3673 ex
545 3612 751 3693 pulmonum
767 3611 1012 3675 inflammatio-

183 3727 234 3797 ne»
253 3742 294 3794 et
307 3733 361 3796 die
375 3737 426 3796 28.
440 3731 520 3797 Oct.
533 3729 591 3814 pie
605 3732 639 3795 in
653 3733 805 3796 Domino
822 3734 1012 3797 defunctus

182 3846 246 3902 est,
282 3853 362 3917 Erat
383 3855 440 3917 vir
462 3856 595 3917 multae
621 3856 844 3938 eruditioniS,
869 3868 1012 3938 praeter

183 3947 320 4045 linguas
331 3977 497 4058 antiquas
511 3976 685 4041 Gallicam
699 3987 734 4039 et
746 3978 905 4041 Italicam
918 3980 1010 4041 bene

185 4088 525 4173 ο118111111151161161161ς
543 4109 620 4162 erat
633 4100 751 4181 poeta,
765 4099 913 4182 egregia
926 4120 1010 4181 poe·
1049 4078 1052 4167 1

1100 793 1297 853 celebrandas
1317 799 1422 852 invitat
1439 797 1677 854 Carolomannus
1693 799 1718 854 F
1720 798 1776 867 lor,
1801 799 1931 874 philolo·

1100 901 1167 974 giae
1189 913 1219 956 et
1239 901 1384 956 historiae
1407 903 1436 956 in
1460 901 1546 976 lyceo
1570 901 1737 976 professor.
1762 902 1931 977 Augustae,

1099 1006 1180 1079 typis
1196 1005 1398 1061 Lautcrianis.
1415 1006 1515 1060 LXXI
1533 1025 1561 1081 p.
1579 1012 1621 1078 4⁰.

1185 1109 1223 1164 II.
1241 1110 1297 1164 Die
1314 1108 1477 1165 classische
1491 1110 1623 1166 Lectiire
1639 1129 1707 1166 vom
1721 1110 1931 1187 Standpunkte

1099 1211 1152 1268 der
1168 1212 1361 1269 christlichen
1377 1213 1593 1288 Anschauung.
1611 1211 1640 1291 (i.
1658 1232 1685 1270 e.
1700 1215 1747 1270 De
1764 1215 1854 1271 modo
1870 1216 1931 1272 lec·

1100 1331 1184 1373 turae
1201 1316 1403 1395 christianae.)
1428 1319 1606 1390 Programm
1630 1318 1683 1374 des
1708 1319 1736 1375 k.
1761 1320 1789 1375 k.
1813 1319 1931 1376 Staats·

1098 1423 1304 1496 gymnasiums
1316 1441 1352 1476 zu
1365 1421 1547 1495 Klagenfurt
1563 1441 1609 1477 am
1627 1422 1771 1479 Schlusse
1788 1423 1842 1480 des
1859 1423 1930 1480 Stu-

1097 1525 1267 1599 ‹lienjahres
1288 1524 1378 1598 1855.
1403 1526 1508 1582 Druck
1532 1525 1581 1583 bei
1604 1527 1721 1602 Juhann
1743 1528 1839 1585 Leon.
1864 1548 1894 1604 p.
1916 1545 1927 1585 1

1097 1647 1192 1702 -44·
1211 1628 1253 1686 8⁰·

1184 1735 1236 1791 III.
1251 1736 1308 1790 Die
1322 1735 1485 1792 classische
1494 1737 1626 1792 Lectiire
1639 1755 1708 1792 vom
1719 1735 1930 1813 Standpunkte

1097 1838 1152 1894 der
1178 1838 1371 1895 christlichen
1399 1839 1614 1914 Anschauung.
1646 1837 1731 1918 (Item
1758 1854 1791 1896 ut
1818 1838 1930 1919 supra.)

1097 1944 1298 2017 Fortsetzung
1321 1943 1380 1998 und
1404 1941 1538 2000 Schluss.
1567 1946 1742 2018 Programm
1770 1945 1824 2000 des
1848 1945 1876 2001 k.
1899 1946 1928 2002 k.

1097 2045 1310 2121 Gymnasiums
1337 2068 1372 2103 zu
1400 2046 1588 2122 Klagenfart.
1619 2048 1676 2105 Am
1703 2047 1849 2106 Schlusse
1876 2049 1930 2106 des

1097 2151 1325 2226 Studienjahrcs
1346 2150 1436 2223 1856.
1459 2151 1647 2226 Klagensurt,
1665 2153 1770 2209 Druck
1786 2173 1846 2210 von
1861 2154 1928 2229 Joh.

1097 2256 1192 2311 Leon.
1210 2275 1240 2331 p.
1263 2253 1374 2312 1—86.
1393 2254 1434 2311 8⁰.

1184 2360 1234 2417 IV.
1257 2361 1317 2416 Zur
1337 2359 1520 2416 Geschichte
1542 2360 1595 2416 der
1616 2360 1769 2435 Pelasger.
1791 2358 1821 2439 (1.
1838 2381 1865 2418 6.
1882 2361 1929 2418 Ad

1095 2465 1250 2520 historiam
1282 2465 1477 2538 Pelasgorum
1509 2462 1633 2543 notata.)
1668 2466 1844 2539 Programm
1875 2466 1929 2522 des

1096 2569 1125 2624 k.
1146 2568 1176 2625 k.
1198 2568 1410 2642 Gymnasiums
1433 2588 1469 2624 zu
1491 2567 1678 2644 Klagenfurt.
1702 2570 1759 2626 Am
1784 2569 1929 2627 Schlusse

1096 2674 1150 2729 des
1167 2673 1393 2747 Studienjahrcs
1415 2672 1505 2745 1859.
1529 2673 1718 2747 Klagensurt,
1741 2674 1847 2730 Druck
1867 2694 1928 2731 von

1094 2779 1160 2853 Joh.
1175 2779 1274 2859 Leon.
1292 2798 1321 2853 p.
1344 2793 1455 2851 1—72.
1473 2777 1515 2834 8⁰.

1182 2883 1217 2939 V.
1242 2884 1301 2937 Zur
1324 2882 1508 2939 Geschichte
1532 2881 1586 2937 der
1610 2882 1763 2957 Pelasger.
1789 2879 1874 2960 (Item
1896 2897 1928 2939 ut

1094 2984 1356 3081 supra.)§chlusS.
1374 2988 1550 3060 Programm
1564 2987 1617 3043 des
1631 2987 1660 3042 k.
1672 2987 1700 3043 k.
1712 2976 1927 3062 'Gymnasiums

1094 3112 1128 3147 zu
1160 3090 1340 3165 Klagenfurt
1371 3109 1417 3145 am
1445 3089 1588 3147 Schlusse
1619 3091 1673 3147 des
1700 3090 1927 3166 Studienjahres

1097 3194 1187 3252 1860.
1213 3192 1402 3268 Klagenfurt,
1424 3193 1530 3250 Druck
1549 3193 1598 3251 bei
1614 3195 1681 3270 Joh.
1698 3196 1794 3251 Leon.
1816 3215 1846 3272 p.
1868 3212 1928 3251 1-

1093 3314 1144 3374 59·
1162 3299 1204 3356 8⁰·

1179 3404 1230 3461 VI.
1264 3401 1365 3460 Ueber
1397 3405 1463 3458 eine
1491 3403 1678 3461 hetrurische
1705 3404 1846 3461 Inschrift
1876 3404 1930 3461 auf
2045 3436 2054 3449 ·

1093 3511 1175 3565 einer
1185 3507 1300 3583 Sphinx
1312 3526 1371 3562 von
1380 3508 1505 3563 Bronzc.
1519 3504 1548 3584 (1.
1559 3527 1585 3563 6.
1597 3509 1756 3584 Inscriptio
1766 3509 1925 3565 Etruscica

1093 3615 1121 3668 in
1134 3613 1241 3688 sphinx
1254 3609 1364 3689 aerea.)
1378 3610 1577 3686 Abgedruckt
1590 3615 1628 3669 im
1641 3613 1753 3669 Archiv
1767 3613 1925 3669 1111111161-

1092 3716 1445 3773 1111111661161166111161116
1463 3717 1520 3772 und
1537 3717 1767 3793 Topographie.
1790 3718 1925 3774 Heraus·

1092 3820 1232 3895 gegeben
1248 3840 1307 3876 von
1324 3821 1390 3877 (1611
1407 3821 1608 3877 historischen
1620 3822 1750 3879 Vereine
1767 3822 1813 3878 fiir
1826 3824 1924 3878 Kirn-

1092 3940 1150 3982 ten.
1176 3925 1364 4000 Klagensurt,
1389 3926 1494 3982 Druck
1518 3945 1578 3982 von
1598 3927 1624 4001 J.
1646 3927 1743 3982 Leon.
1768 3942 1797 3999 4.
1820 3926 1924 4003 Jahrg.

1096 4028 1186 4102 1858.
1204 4050 1232 4105 p.
1251 4044 1389 4101 22—30.
1407 4029 1449 4086 8⁰.

1176 4134 1242 4190 VII.
1261 4132 1362 4191 Ueber
1378 4136 1444 4190 eine
1460 4134 1560 4190 kleine
1572 4133 1723 4192 bronzene
1736 4134 1853 4212 Sphinx
1869 4154 1924 4191 aus

188 4210 371 4284 ῐι1111151110
388 4221 612 4303 potissimum
629 4221 757 4284 Latino
773 4242 903 4303 magna
923 4221 1009 4284 fstCi·
1048 4172 1052 4303 1
1090 4236 1330 4313 Siebenbiirgen.
1349 4235 1419 4316 (1.6.
1438 4239 1553 4315 Sphinx
1570 4258 1664 4315 parva
1680 4259 1770 4296 aerea
1783 4242 1812 4296 in
1824 4240 1924 4296 Tran-

191 4311 283 4403 lit“tte
299 4342 492 4425 contexuit,
514 4353 550 4406 et
565 4345 623 4406 vel
644 4343 680 4406 in
705 4344 1008 4426 ephemeridibus:
1048 4324 1051 4339 ¹
1090 4344 1225 4418 sylvania
1242 4341 1383 4422 inventa.)
1404 4343 1527 4412 Archiv,
1544 4361 1574 4417 4·
1590 4346 1692 4420 Jahrg.
1717 4365 1746 4421 p·
1764 4359 1923 4419 95-110·

198 4434 358 4528 carinthia
388 4464 587 4548 inscriptiS,
615 4466 673 4527 vel
689 4459 789 4527 'data
821 4467 1008 4529 occasione

205 4581 324 4650 seOrsim
339 4587 439 4672 typis
456 4587 635 4670 expressit
651 4599 838 4669 praeterea
859 4587 1009 4650 societa-

208 4687 430 4772 tishistoricae
449 4728 516 4792 pro
533 4708 666 4773 Suevia
682 4718 719 4772 61
735 4708 916 4772 Carinthia
933 4719 1010 4771 erat

188 4823 310 4893 undans
332 4841 370 4894 et
390 4832 552 4894 delectus
572 4832 619 4893 ad
640 4832 922 4904 deliberandum3
943 4851 1008 4894 nec

211 4957 257 5010 lon
267 4951 397 5015 sodalis
414 4952 620 5015 academiae
640 4953 756 5036 ,degli
773 4951 933 5033 Quiriti“.

266 5088 471 5174 Sequuntur
483 5091 560 5154 eius
568 5091 703 5173 scripta
712 5092 809 5175 typis
821 5093 1008 5174 impressa:

266 5235 287 5293 1.
307 5236 355 5294 De
371 5237 514 5312 antiquae
535 5238 710 5311 tragoediae
733 5237 928 5313 praestantia,
950 5253 1010 5309 qua

137 5342 140 5369 '
194 5337 324 5398 adactus
350 5340 514 5397 sollemnes
541 5342 569 5396 in
592 5346 676 5421 regio
701 5343 839 5400 instituto
863 5340 1009 5396 litterario

190 5444 346 5502 catholicae
358 5442 559 5501 confessionis
571 5447 606 5505 ad
617 5471 641 5510 s,
651 5447 843 5526 Stephanum
852 5443 1009 5518 Augustae

1048 5148 1051 5197 1

1176 4467 1257 4523 VIII.
1280 4465 1382 4523 Ueber
1402 4466 1449 4523 die
1471 4468 1647 4523 erloschene
1668 4467 1858 4525 etruskische
1875 4469 1923 4523 In·

1089 4571 1195 4628 schrift
1210 4590 1256 4626 am
1275 4570 1477 4647 Spitzelsofen
1494 4573 1521 4627 in
1536 4573 1765 4630 Unterkarnten.
1784 4568 1856 4649 (1.6.
1874 4572 1922 4627 In·

1089 4678 1215 4751 scriptio
1229 4675 1327 4732 deleta
1340 4677 1498 4733 Etruscica
1514 4679 1543 4732 in
1560 4672 1783 4754 Spitzelsofen.)
1796 4675 1919 4742 Archiv,

1089 4795 1118 4853 5.
1135 4781 1238 4856 Jahrg.
1261 4778 1351 4836 1860.
1369 4800 1398 4856 p.
1416 4779 1576 4855 89—110.

1177 4902 1227 4957 IX.
1245 4900 1346 4957 Ueber
1361 4900 1419 4957 den
1435 4901 1550 4975 seligen
1567 4902 1729 4968 Domitian,
1747 4901 1870 4973 Herzog
1891 4901 1921 4955 in

1090 5007 1234 5061 Karnten.
1260 5002 1334 5082 (1.6.
1356 5006 1439 5062 Beat.
1457 5007 1620 5073 Domitian,
1643 5005 1702 5061 dux
1723 5001 1920 5082 Carinthiae.)

1089 5110 1211 5177 Archiv,
1231 5124 1257 5183 7.
1274 5110 1376 5184 Jahrg.
1398 5108 1488 5166 1862.
1505 5130 1535 5186 p.
1558 5125 1669 5182 1—32.

1175 5233 1212 5287 X.
1231 5230 1332 5288 Ueber
1347 5235 1395 5288 ein
1411 5232 1584 5289 Pestkreuz.
1602 5228 1632 5311 (i.
1646 5250 1672 5288 e.
1686 5231 1733 5287 De
1746 5251 1835 5288 cruce
1848 5251 1920 5288 con·
2040 5295 2046 5309 ι

1090 5351 1135 5393 tra
1162 5350 1277 5413 pestem
1305 5334 1428 5415 erecta.)
1459 5336 1585 5405 Arcth,
1619 5351 1664 5393 10.
1680 5329 1795 5412 'Jahrg
1828 5334 1918 5394 1866.

1090 5462 1119 5518 P·
1138 5456 1317 5515 243-252.

1661 5543 1711 5603 13*
