4222 6106
1011 501 1054 509 —
1099 463 1180 525 LVI
1225 499 1267 507 -

405 687 570 752 Omnium
600 706 685 750 vero
715 688 910 752 clarissima
941 708 1020 751 cum
1051 688 1193 751 saeculo
1218 685 1301 750 XV.
1326 695 1399 749 tum
1433 686 1597 767 proxima
1628 695 1748 750 aetate
1778 686 1847 750 fuit
1878 686 2011 769 „Scola

274 845 302 890 s.
327 825 426 888 Petri
450 823 767 907 Salisburgensis“,
790 826 826 887 in
850 845 921 907 qua
944 845 1014 889 non
1037 826 1150 887 solum
1176 824 1406 908 ,Principia“,
1438 824 1633 887 sedetiam
1659 835 1818 908 ,septem
1842 825 2013 891 liberales

274 962 391 1027 artes“
416 965 645 1027 docebantur.
677 963 853 1044 Imprimis
875 965 1008 1027 abbate
1024 963 1133 1026 Petro
1157 964 1395 1044 (nso-1466)
1420 963 1566 1025 scholae
1588 962 1813 1046 theologicae
1837 974 1873 1027 et
1895 965 2012 1046 philo·

274 1093 443 1182 sophicae
473 1102 711 1183 habebantur,
745 1102 780 1164 in
811 1101 941 1183 quibus
971 1101 1149 1182 Platonis,
1181 1099 1380 1182 Apollonii,
1411 1099 1643 1182 Pythagorae
1678 1100 1813 1183 scripta
1847 1103 2009 1183 explica·

273 1242 413 1302 bantur.
460 1241 669 1302 Accedebat
693 1250 854 1303 extremo
877 1240 1020 1302 saeculo
1045 1239 1128 1303 XV.
1152 1239 1237 1301 iuris
1260 1239 1464 1320 disciplina,
1497 1239 1532 1302 in
1563 1259 1635 1320 qua
1658 1239 1715 1303 Fr.
1741 1237 1948 1320 Simplicius
1976 1251 2014 1306 et

274 1378 331 1440 Fr.
355 1378 535 1440 Chilianus
558 1378 759 1441 Dietricher
782 1379 993 1441 enituerunt.
1040 1376 1171 1441 Schola
1194 1387 1362 1459 separata
1384 1389 1462 1440 erat
1484 1398 1506 1439 a
1528 1377 1745 1440 monasterio
1775 1377 1880 1459 eique
1909 1398 2014 1460 prae·

278 1527 354 1579 erat
376 1528 503 1598 rector,
528 1516 589 1598 qui
611 1516 647 1578 in
671 1516 810 1580 interna
833 1529 870 1580 et
892 1517 928 1579 in
951 1516 1195 1598 superioribus
1211 1516 1386 1579 classibus
1402 1525 1573 1579 externae
1597 1516 1740 1578 scholae
1765 1517 1922 1581 docebat
1944 1538 2014 1581 nec

271 1655 339 1716 nisi
363 1655 487 1718 abbati
510 1656 684 1717 rationem
707 1656 891 1718 reddebat.
923 1655 965 1717 Ei
988 1655 1146 1718 adiuncti
1170 1664 1272 1717 erant
1294 1664 1548 1736 praeceptores
1573 1656 1632 1717 vel
1655 1656 1850 1737 adstantes,
1875 1670 2012 1738 cantor,

273 1793 332 1873 qui
356 1804 469 1856 artem
492 1793 663 1855 musicam
687 1795 851 1874 docebat,
881 1794 1029 1873 locatus,
1062 1793 1121 1874 qui
1145 1811 1334 1873 puerorum
1357 1792 1538 1856 convictui
1561 1803 1737 1873 praeerat.
1783 1794 2012 1875 Incipiebant

273 1932 416 1994 scholae
440 1941 600 2012 tempore
624 1930 763 1993 aestivo
787 1950 890 1993 mane
914 1931 1047 2013 quinta,
1070 1930 1219 1992 hiberno
1243 1940 1348 1993 sexta
1370 1932 1457 1992 hora
1473 1931 1511 2012 ¹).

403 2068 520 2131 Etiam
543 2068 727 2132 Admontii
750 2079 786 2132 et
810 2089 837 2133 s.
861 2069 964 2131 Pauli
987 2069 1149 2133 monachi
1173 2070 1218 2131 de
1241 2071 1348 2131 rebus
1372 2068 1596 2132 scholasticis
1626 2071 1719 2132 bene
1749 2069 1867 2133 meriti
1898 2080 2014 2133 erant.

273 2206 309 2270 S.
334 2207 436 2269 Pauli
460 2207 645 2270 convictus
669 2219 745 2269 erat
768 2227 958 2288 puerorum
982 2207 1150 2270 nobilium
1165 2210 1199 2287 ²).

404 2345 453 2408 Ut
477 2345 511 2408 in
536 2345 676 2426 Alpicis
699 2346 844 2427 Imperii
868 2346 1049 2410 Austriaci
1072 2346 1287 2428 regionibus,
1311 2346 1363 2408 ita
1386 2356 1422 2408 et
1437 2346 1473 2407 in
1490 2346 1671 2427 Bohemia,
1687 2345 1861 2427 Moravia,
1879 2345 2014 2410 Silesia

272 2482 448 2547 florebant
471 2503 529 2546 res
552 2484 786 2547 scholasticae
810 2495 917 2565 atque
941 2484 1090 2565 insignis
1114 2492 1191 2547 erat
1207 2484 1519 2546 Benedictinorum
1541 2503 1662 2564 opera.
1693 2482 1802 2546 Cuius
1818 2484 1869 2546 rei
1887 2505 2013 2566 quam-

273 2641 379 2702 quam
409 2624 505 2686 nulla
534 2622 731 2686 litterarum
762 2623 964 2687 testimonia
994 2623 1061 2685 nisi
1092 2623 1243 2685 extremi
1277 2624 1416 2685 demum
1447 2622 1580 2684 saeculi
1612 2621 1715 2686 XIII.
1748 2621 1867 2685 afferri
1902 2642 2014 2705 posse

274 2762 448 2842 videntur,
472 2773 592 2824 tamen
616 2763 685 2824 alia
708 2763 818 2823 multa
842 2772 878 2823 et
901 2781 1032 2843 magna
1055 2773 1137 2824 sunt
1153 2771 1373 2843 argumenta,
1391 2762 1519 2842 quibus
1535 2761 1679 2824 tollatur
1696 2760 1883 2824 dubitatio.
1922 2761 2012 2825 Cum

274 2901 366 2962 enim
389 2919 511 2962 omnes
535 2903 581 2962 ab
602 2899 847 2980 antiquissimo
863 2909 1024 2979 tempore
1040 2899 1265 2962 Benedictini
1282 2918 1454 2961 summum
1472 2909 1646 2979 ponerent
1662 2899 1818 2961 studium
1834 2899 1870 2961 in
1886 2900 2012 2981 pueris

274 3039 468 3102 educandis
491 3049 528 3100 et
551 3037 764 3117 erudiendis,
787 3045 861 3099 tum
884 3057 970 3099 vero
994 3058 1020 3099 s.
1043 3037 1274 3118 AdalbertuS,
1298 3038 1359 3119 qui
1382 3037 1636 3100 Benedictinos
1659 3037 1695 3099 in
1720 3038 1929 3102 Bohemiam
1959 3041 2013 3103 in-

272 3177 441 3257 troduxit,
465 3176 501 3237 id
526 3175 610 3258 egit,
634 3186 674 3237 ut
697 3175 828 3237 scholis
851 3175 1053 3256 aperiendis
1078 3185 1114 3238 et
1137 3175 1320 3238 iuventute
1343 3197 1365 3237 a
1388 3176 1521 3238 teneris
1549 3177 1651 3238 annis
1678 3177 1883 3258 praeceptis
1907 3177 2010 3241 Chri·

272 3314 396 3377 stianis
409 3313 600 3376 imbuenda
612 3313 648 3376 in
660 3312 803 3375 natione
816 3313 1068 3393 semibarbara,
1082 3332 1173 3394 quae
1187 3312 1422 3376 Christianam
1438 3313 1647 3395 reilgionem
1664 3314 1831 3395 amplexa
1846 3334 2014 3397 paganos

271 3452 360 3515 ritus
383 3453 491 3514 nollet
516 3452 705 3531 dimittere,
723 3451 959 3514 Christianam
976 3451 1086 3513 vitam
1109 3450 1275 3513 fundaret
1291 3462 1399 3531 atque
1415 3451 1592 3513 stabiliret
1602 3452 1636 3531 ³).
1675 3451 1751 3514 Nec
1769 3451 2009 3537 Benedictini,

272 3590 338 3652 nisi
362 3590 431 3670 ipsi
454 3590 575 3671 pueris
598 3589 802 3652 erudiendis
826 3590 966 3671 sibique
990 3589 1266 3669 conformandis,
1295 3610 1341 3652 ex
1369 3589 1498 3671 quibus
1523 3589 1687 3653 idoneam
1711 3592 1873 3653 subolem
1897 3593 2012 3675 adop·

271 3738 399 3809 tarent,
424 3729 490 3790 sibi
514 3728 766 3808 providissent,
791 3748 998 3809 permanere
1023 3737 1198 3808 poterant.
1238 3727 1396 3809 Cumque
1421 3727 1668 3808 antiquissimo
1692 3737 1854 3809 tempore
1877 3750 2012 3813 magna

271 3877 367 3929 esset
391 3866 469 3928 istis
492 3866 528 3928 in
550 3866 757 3949 regionibus
781 3867 901 3947 opinio
925 3867 969 3928 de
986 3866 1230 3929 BenedIctinis
1253 3867 1405 3928 docendi
1428 3865 1664 3946 peritissimis,
1689 3866 1796 3928 etiam
1813 3867 2013 3951 discipulos

271 4024 342 4066 non
366 4003 523 4066 defuisse
547 4014 700 4085 apparet
714 4008 749 4083 ⁴).

401 4141 527 4223 Neque
561 4141 648 4203 illud
682 4142 981 4222 praetereundum
1011 4151 1082 4223 est,
1118 4142 1392 4223 praeposituris,
1427 4143 1488 4204 ubi
1524 4142 1674 4222 primum
1710 4145 1879 4209 conditae
1913 4157 2010 4230 sunt,

270 4280 411 4341 scholas
435 4279 577 4341 additas
601 4298 690 4358 esse,
715 4288 753 4341 ut
778 4279 822 4341 de
846 4279 1063 4360 Braunavia,
1087 4280 1338 4362 praepositura
1361 4281 1631 4364 Brevnoviensi,
1655 4281 1798 4346 litterae
1821 4297 2010 4363 constant;

270 4438 340 4480 non
369 4417 461 4479 enim
490 4417 566 4480 veri
594 4417 707 4479 simile
740 4411 811 4498 est,
843 4420 1109 4500 praeposituras
1140 4420 1308 4481 habuisse
1340 4420 1499 4500 scholas,
1531 4429 1656 4482 vetera
1687 4423 1905 4486 monasteria
1936 4445 2011 4491 non

268 4555 447 4619 habuisse.
493 4557 611 4619 Recte
634 4556 743 4639 igitur
765 4558 958 4621 Bohemiae
984 4578 1101 4620 rerum
1133 4559 1325 4638 scrIptores
1353 4567 1568 4639 statuerunt,
1600 4559 1635 4620 in
1666 4559 1859 4623 maloribus
1890 4561 2010 4626 Bene·

270 4694 481 4758 dictinorum
509 4695 747 4774 monasteriis,
779 4706 817 4759 ut
852 4696 887 4758 in
917 4696 1132 4759 monasterio
1165 4696 1438 4778 Btevnoviensi,
1476 4696 1743 4781 Opatovicensi,
1779 4698 2009 4786 Ostrovensi,

399 5053 419 5131 ¹)
444 5054 655 5110 Prennsteiner
679 5053 697 5110 l.
723 5072 748 5109 c.

400 5162 422 5241 2)
446 5166 659 5223 Ankershofen
683 5167 722 5222 ΙΙ.
747 5182 776 5223 2.

396 5272 420 5353 ³)
443 5278 651 5346 Matauschek‚
676 5279 861 5336 Geschichte
884 5279 938 5336 des
962 5278 1176 5354 Gymnasiums
1198 5298 1259 5335 von
1283 5281 1429 5337 Braunau.

398 5384 420 5462 ⁴)
444 5389 545 5445 Dudik
568 5390 586 5446 l.
612 5410 637 5446 c.
663 5391 685 5446 I.
