<?xml version="1.0" encoding="UTF-8"?>
<!DOCTYPE html PUBLIC "-//W3C//DTD XHTML 1.0 Transitional//EN"
    "http://www.w3.org/TR/xhtml1/DTD/xhtml1-transitional.dtd">
<html xmlns="http://www.w3.org/1999/xhtml" xml:lang="en" lang="en">
 <head>
  <title>
</title>
<meta http-equiv="Content-Type" content="text/html;charset=utf-8" />
  <meta name='ocr-system' content='tesseract 3.04.00' />
  <meta name='ocr-capabilities' content='ocr_page ocr_carea ocr_par ocr_line ocrx_word'/>
</head>
<body>
  <div class='ocr_page' id='page_1' title='image "./scriptoresordin01austgoog_0521.png"; bbox 0 0 4252 6112; ppageno 0'>
   <div class='ocr_carea' id='block_1_1' title="bbox 920 479 1198 548">
    <p class='ocr_par' dir='ltr' id='par_1_1' title="bbox 920 479 1198 548">
     <span class='ocr_line' id='line_1_1' title="bbox 920 479 1198 548; baseline 0.004 -41"><span class='ocrx_word' id='word_1_1' title='bbox 920 500 966 507; x_wconf 80' lang='grc'>-</span> <span class='ocrx_word' id='word_1_2' title='bbox 1022 479 1093 548; x_wconf 66' lang='lat'>415</span> <span class='ocrx_word' id='word_1_3' title='bbox 1153 500 1198 508; x_wconf 76' lang='grc'>-,</span> 
     </span>
    </p>
   </div>
   <div class='ocr_carea' id='block_1_2' title="bbox 191 664 1025 949">
    <p class='ocr_par' dir='ltr' id='par_1_2' title="bbox 191 664 1025 949">
     <span class='ocr_line' id='line_1_2' title="bbox 191 664 1025 739; baseline 0 -17"><span class='ocrx_word' id='word_1_4' title='bbox 191 668 272 731; x_wconf 82' lang='lat' dir='ltr'>dorl,</span> <span class='ocrx_word' id='word_1_5' title='bbox 298 668 342 722; x_wconf 89' lang='lat' dir='ltr'>als</span> <span class='ocrx_word' id='word_1_6' title='bbox 367 669 432 722; x_wconf 88' lang='lat' dir='ltr'>eine</span> <span class='ocrx_word' id='word_1_7' title='bbox 458 664 586 721; x_wconf 77' lang='lat' dir='ltr'>lobliche</span> <span class='ocrx_word' id='word_1_8' title='bbox 610 665 855 739; x_wconf 83' lang='lat' dir='ltr'>Plarrgemeinde</span> <span class='ocrx_word' id='word_1_9' title='bbox 878 666 931 722; x_wconf 91' lang='lat' dir='ltr'>das</span> <span class='ocrx_word' id='word_1_10' title='bbox 952 668 1025 722; x_wconf 88' lang='lat' dir='ltr'>Fest</span> 
     </span>
     <span class='ocr_line' id='line_1_3' title="bbox 192 767 1023 845; baseline -0.001 -19"><span class='ocrx_word' id='word_1_11' title='bbox 192 772 272 826; x_wconf 88' lang='lat' dir='ltr'>ihres</span> <span class='ocrx_word' id='word_1_12' title='bbox 301 769 558 845; x_wconf 88' lang='lat' dir='ltr'>Schutzpatrones</span> <span class='ocrx_word' id='word_1_13' title='bbox 589 767 717 843; x_wconf 83' lang='lat' dir='ltr'>beging,</span> <span class='ocrx_word' id='word_1_14' title='bbox 749 768 816 824; x_wconf 91' lang='lat' dir='ltr'>dem</span> <span class='ocrx_word' id='word_1_15' title='bbox 844 769 1023 825; x_wconf 81' lang='lat' dir='ltr'>Landvolke</span> 
     </span>
     <span class='ocr_line' id='line_1_4' title="bbox 193 872 640 949; baseline -0.004 -19"><span class='ocrx_word' id='word_1_16' title='bbox 193 889 398 949; x_wconf 77' lang='lat' dir='ltr'>rorgctragen</span> <span class='ocrx_word' id='word_1_17' title='bbox 416 872 527 928; x_wconf 83' lang='lat' dir='ltr'>wurde.</span> <span class='ocrx_word' id='word_1_18' title='bbox 551 872 640 928; x_wconf 87' lang='lat'>1802.</span> 
     </span>
    </p>
   </div>
   <div class='ocr_carea' id='block_1_3' title="bbox 281 1018 1023 1113">
    <p class='ocr_par' dir='ltr' id='par_1_3' title="bbox 281 1018 1023 1113">
     <span class='ocr_line' id='line_1_5' title="bbox 281 1018 1023 1113; baseline -0.001 -19"><span class='ocrx_word' id='word_1_19' title='bbox 281 1018 536 1094; x_wconf 86' lang='lat' dir='ltr'>Schmidfeld</span> <span class='ocrx_word' id='word_1_20' title='bbox 570 1031 700 1113; x_wconf 89' lang='lat' dir='ltr'>Hugo</span> <span class='ocrx_word' id='word_1_21' title='bbox 733 1030 1023 1110; x_wconf 85' lang='lat' dir='ltr'>(San-Blasia-</span> 
     </span>
    </p>
   </div>
   <div class='ocr_carea' id='block_1_4' title="bbox 1104 661 1938 1108">
    <p class='ocr_par' dir='ltr' id='par_1_4' title="bbox 1104 661 1938 1108">
     <span class='ocr_line' id='line_1_6' title="bbox 1105 661 1937 744; baseline 0.001 -21"><span class='ocrx_word' id='word_1_22' title='bbox 1105 661 1243 741; x_wconf 82' lang='lat' dir='ltr'>Quietis</span> <span class='ocrx_word' id='word_1_23' title='bbox 1266 682 1353 743; x_wconf 90' lang='lat' dir='ltr'>ergo</span> <span class='ocrx_word' id='word_1_24' title='bbox 1377 663 1577 742; x_wconf 79' lang='lat' dir='ltr'>captandae</span> <span class='ocrx_word' id='word_1_25' title='bbox 1598 662 1714 744; x_wconf 89' lang='lat' dir='ltr'>gratia</span> <span class='ocrx_word' id='word_1_26' title='bbox 1738 662 1833 724; x_wconf 90' lang='lat' dir='ltr'>illam</span> <span class='ocrx_word' id='word_1_27' title='bbox 1859 683 1937 724; x_wconf 94' lang='lat' dir='ltr'>cum</span> 
     </span>
     <span class='ocr_line' id='line_1_7' title="bbox 1105 783 1937 864; baseline 0.001 -20"><span class='ocrx_word' id='word_1_28' title='bbox 1105 783 1315 845; x_wconf 83' lang='lat' dir='ltr'>Beroviensi</span> <span class='ocrx_word' id='word_1_29' title='bbox 1346 793 1549 864; x_wconf 85' lang='lat' dir='ltr'>permutare</span> <span class='ocrx_word' id='word_1_30' title='bbox 1577 784 1707 864; x_wconf 90' lang='lat' dir='ltr'>iussus,</span> <span class='ocrx_word' id='word_1_31' title='bbox 1739 795 1811 845; x_wconf 92' lang='lat' dir='ltr'>tam</span> <span class='ocrx_word' id='word_1_32' title='bbox 1839 804 1937 846; x_wconf 91' lang='lat' dir='ltr'>suam</span> 
     </span>
     <span class='ocr_line' id='line_1_8' title="bbox 1105 905 1938 985; baseline 0.002 -20"><span class='ocrx_word' id='word_1_33' title='bbox 1105 925 1209 985; x_wconf 93' lang='lat' dir='ltr'>quam</span> <span class='ocrx_word' id='word_1_34' title='bbox 1227 905 1429 966; x_wconf 92' lang='lat' dir='ltr'>monialium</span> <span class='ocrx_word' id='word_1_35' title='bbox 1452 906 1525 966; x_wconf 95' lang='lat' dir='ltr'>ord.</span> <span class='ocrx_word' id='word_1_36' title='bbox 1544 924 1570 965; x_wconf 97' lang='lat' dir='ltr'>s.</span> <span class='ocrx_word' id='word_1_37' title='bbox 1588 905 1775 967; x_wconf 84' lang='lat' dir='ltr'>Benedicti</span> <span class='ocrx_word' id='word_1_38' title='bbox 1792 905 1842 967; x_wconf 91' lang='lat' dir='ltr'>ibi</span> <span class='ocrx_word' id='word_1_39' title='bbox 1858 905 1938 967; x_wconf 89' lang='lat' dir='ltr'>Deo</span> 
     </span>
     <span class='ocr_line' id='line_1_9' title="bbox 1104 1026 1938 1108; baseline 0.001 -20"><span class='ocrx_word' id='word_1_40' title='bbox 1104 1026 1342 1106; x_wconf 82' lang='lat' dir='ltr'>servientium,</span> <span class='ocrx_word' id='word_1_41' title='bbox 1357 1027 1598 1088; x_wconf 81' lang='lat' dir='ltr'>oeconomiam</span> <span class='ocrx_word' id='word_1_42' title='bbox 1613 1027 1757 1108; x_wconf 93' lang='lat' dir='ltr'>optim0,</span> <span class='ocrx_word' id='word_1_43' title='bbox 1772 1047 1841 1108; x_wconf 92' lang='lat' dir='ltr'>quo</span> <span class='ocrx_word' id='word_1_44' title='bbox 1857 1047 1938 1108; x_wconf 93' lang='lat' dir='ltr'>pos-</span> 
     </span>
    </p>
   </div>
   <div class='ocr_carea' id='block_1_5' title="bbox 192 1147 1937 1233">
    <p class='ocr_par' dir='ltr' id='par_1_5' title="bbox 192 1147 1937 1233">
     <span class='ocr_line' id='line_1_10' title="bbox 192 1147 1937 1233; baseline -0.001 -22"><span class='ocrx_word' id='word_1_45' title='bbox 192 1151 291 1229; x_wconf 86' lang='lat' dir='ltr'>nus),</span> <span class='ocrx_word' id='word_1_46' title='bbox 309 1158 413 1210; x_wconf 92' lang='lat' dir='ltr'>natus</span> <span class='ocrx_word' id='word_1_47' title='bbox 430 1156 485 1209; x_wconf 93' lang='lat' dir='ltr'>est</span> <span class='ocrx_word' id='word_1_48' title='bbox 499 1148 533 1209; x_wconf 93' lang='lat' dir='ltr'>in</span> <span class='ocrx_word' id='word_1_49' title='bbox 548 1149 631 1210; x_wconf 94' lang='lat' dir='ltr'>divo</span> <span class='ocrx_word' id='word_1_50' title='bbox 641 1149 761 1210; x_wconf 92' lang='lat' dir='ltr'>Blasio</span> <span class='ocrx_word' id='word_1_51' title='bbox 774 1149 809 1210; x_wconf 95' lang='lat' dir='ltr'>in</span> <span class='ocrx_word' id='word_1_52' title='bbox 820 1150 910 1211; x_wconf 90' lang='lat' dir='ltr'>silva</span> <span class='ocrx_word' id='word_1_53' title='bbox 923 1151 1024 1233; x_wconf 91' lang='lat' dir='ltr'>nigra</span> <span class='ocrx_word' id='word_1_54' title='bbox 1104 1156 1158 1209; x_wconf 90' lang='lat' dir='ltr'>set</span> <span class='ocrx_word' id='word_1_55' title='bbox 1182 1149 1303 1228; x_wconf 92' lang='lat' dir='ltr'>modo,</span> <span class='ocrx_word' id='word_1_56' title='bbox 1329 1147 1576 1209; x_wconf 92' lang='lat' dir='ltr'>administrare</span> <span class='ocrx_word' id='word_1_57' title='bbox 1600 1149 1834 1212; x_wconf 79' lang='lat' dir='ltr'>adlaboravit.</span> <span class='ocrx_word' id='word_1_58' title='bbox 1865 1147 1937 1211; x_wconf 87' lang='lat' dir='ltr'>Sed</span> 
     </span>
    </p>
   </div>
   <div class='ocr_carea' id='block_1_6' title="bbox 192 1270 1028 3541">
    <p class='ocr_par' dir='ltr' id='par_1_6' title="bbox 192 1270 1028 3541">
     <span class='ocr_line' id='line_1_11' title="bbox 192 1270 1022 1351; baseline 0.004 -20"><span class='ocrx_word' id='word_1_59' title='bbox 192 1271 226 1331; x_wconf 94' lang='lat' dir='ltr'>in</span> <span class='ocrx_word' id='word_1_60' title='bbox 240 1289 369 1351; x_wconf 90' lang='lat' dir='ltr'>magno</span> <span class='ocrx_word' id='word_1_61' title='bbox 382 1271 514 1331; x_wconf 91' lang='lat' dir='ltr'>ducatu</span> <span class='ocrx_word' id='word_1_62' title='bbox 526 1270 683 1332; x_wconf 92' lang='lat' dir='ltr'>Badensi</span> <span class='ocrx_word' id='word_1_63' title='bbox 697 1270 754 1331; x_wconf 92' lang='lat' dir='ltr'>die</span> <span class='ocrx_word' id='word_1_64' title='bbox 769 1275 815 1332; x_wconf 89' lang='lat'>18.</span> <span class='ocrx_word' id='word_1_65' title='bbox 827 1272 913 1334; x_wconf 91' lang='lat' dir='ltr'>Dec.</span> <span class='ocrx_word' id='word_1_66' title='bbox 929 1277 1022 1350; x_wconf 80' lang='grc'>1713;</span> 
     </span>
     <span class='ocr_line' id='line_1_12' title="bbox 194 1391 1023 1473; baseline 0.004 -20"><span class='ocrx_word' id='word_1_67' title='bbox 194 1392 307 1453; x_wconf 93' lang='lat' dir='ltr'>ordini</span> <span class='ocrx_word' id='word_1_68' title='bbox 333 1412 359 1452; x_wconf 91' lang='lat' dir='ltr'>s.</span> <span class='ocrx_word' id='word_1_69' title='bbox 377 1391 565 1453; x_wconf 86' lang='lat' dir='ltr'>Benedicti</span> <span class='ocrx_word' id='word_1_70' title='bbox 587 1391 788 1473; x_wconf 89' lang='lat' dir='ltr'>adscriptus</span> <span class='ocrx_word' id='word_1_71' title='bbox 810 1413 902 1455; x_wconf 92' lang='lat' dir='ltr'>anno</span> <span class='ocrx_word' id='word_1_72' title='bbox 927 1398 1023 1472; x_wconf 82' lang='grc'>1731;</span> 
     </span>
     <span class='ocr_line' id='line_1_13' title="bbox 193 1512 1026 1595; baseline 0.004 -20"><span class='ocrx_word' id='word_1_73' title='bbox 193 1512 394 1575; x_wconf 87' lang='lat' dir='ltr'>sacerdotio</span> <span class='ocrx_word' id='word_1_74' title='bbox 411 1513 571 1575; x_wconf 90' lang='lat' dir='ltr'>initiatus</span> <span class='ocrx_word' id='word_1_75' title='bbox 584 1513 642 1575; x_wconf 92' lang='lat' dir='ltr'>die</span> <span class='ocrx_word' id='word_1_76' title='bbox 656 1535 706 1576; x_wconf 88' lang='lat'>22.</span> <span class='ocrx_word' id='word_1_77' title='bbox 720 1515 806 1577; x_wconf 93' lang='lat' dir='ltr'>Dec.</span> <span class='ocrx_word' id='word_1_78' title='bbox 826 1521 916 1595; x_wconf 78' lang='lat'>1730.</span> <span class='ocrx_word' id='word_1_79' title='bbox 937 1516 1026 1578; x_wconf 90' lang='lat' dir='ltr'>Post</span> 
     </span>
     <span class='ocr_line' id='line_1_14' title="bbox 194 1634 1025 1721; baseline 0.007 -27"><span class='ocrx_word' id='word_1_80' title='bbox 194 1634 323 1695; x_wconf 86' lang='lat' dir='ltr'>emissa</span> <span class='ocrx_word' id='word_1_81' title='bbox 344 1634 511 1716; x_wconf 90' lang='lat' dir='ltr'>religiosa</span> <span class='ocrx_word' id='word_1_82' title='bbox 527 1648 613 1698; x_wconf 88' lang='lat' dir='ltr'>vota</span> <span class='ocrx_word' id='word_1_83' title='bbox 629 1645 666 1698; x_wconf 93' lang='lat' dir='ltr'>et</span> <span class='ocrx_word' id='word_1_84' title='bbox 682 1636 802 1699; x_wconf 93' lang='lat' dir='ltr'>studio</span> <span class='ocrx_word' id='word_1_85' title='bbox 823 1637 1025 1721; x_wconf 86' lang='lat' dir='ltr'>theologiae</span> 
     </span>
     <span class='ocr_line' id='line_1_15' title="bbox 192 1756 1025 1841; baseline 0.002 -23"><span class='ocrx_word' id='word_1_86' title='bbox 192 1778 233 1818; x_wconf 90' lang='lat' dir='ltr'>ac</span> <span class='ocrx_word' id='word_1_87' title='bbox 262 1756 346 1818; x_wconf 90' lang='lat' dir='ltr'>iuris</span> <span class='ocrx_word' id='word_1_88' title='bbox 374 1757 535 1819; x_wconf 90' lang='lat' dir='ltr'>canonici</span> <span class='ocrx_word' id='word_1_89' title='bbox 565 1758 601 1819; x_wconf 95' lang='lat' dir='ltr'>in</span> <span class='ocrx_word' id='word_1_90' title='bbox 635 1758 728 1821; x_wconf 74' lang='lat' dir='ltr'>univ.</span> <span class='ocrx_word' id='word_1_91' title='bbox 758 1757 1025 1841; x_wconf 87' lang='lat' dir='ltr'>Salisburgensi</span> 
     </span>
     <span class='ocr_line' id='line_1_16' title="bbox 194 1879 1026 1960; baseline 0.004 -21"><span class='ocrx_word' id='word_1_92' title='bbox 194 1880 375 1958; x_wconf 90' lang='lat' dir='ltr'>absoluto,</span> <span class='ocrx_word' id='word_1_93' title='bbox 401 1879 662 1960; x_wconf 86' lang='lat' dir='ltr'>philosophiam</span> <span class='ocrx_word' id='word_1_94' title='bbox 686 1880 832 1942; x_wconf 90' lang='lat' dir='ltr'>tradidit</span> <span class='ocrx_word' id='word_1_95' title='bbox 856 1880 1026 1942; x_wconf 87' lang='lat' dir='ltr'>fratribus</span> 
     </span>
     <span class='ocr_line' id='line_1_17' title="bbox 193 2000 1024 2083; baseline 0.005 -23"><span class='ocrx_word' id='word_1_96' title='bbox 193 2000 329 2061; x_wconf 82' lang='lat' dir='ltr'>clericis</span> <span class='ocrx_word' id='word_1_97' title='bbox 346 2000 380 2061; x_wconf 92' lang='lat' dir='ltr'>in</span> <span class='ocrx_word' id='word_1_98' title='bbox 398 2001 480 2062; x_wconf 78' lang='lat' dir='ltr'>divo</span> <span class='ocrx_word' id='word_1_99' title='bbox 497 2001 629 2082; x_wconf 79' lang='lat' dir='ltr'>Blasio,</span> <span class='ocrx_word' id='word_1_100' title='bbox 646 2001 863 2083; x_wconf 87' lang='lat' dir='ltr'>theologiam</span> <span class='ocrx_word' id='word_1_101' title='bbox 881 2004 1024 2065; x_wconf 87' lang='lat' dir='ltr'>tradere</span> 
     </span>
     <span class='ocr_line' id='line_1_18' title="bbox 193 2121 1026 2201; baseline 0.006 -21"><span class='ocrx_word' id='word_1_102' title='bbox 193 2121 384 2201; x_wconf 80' lang='lat' dir='ltr'>inchoavit,</span> <span class='ocrx_word' id='word_1_103' title='bbox 407 2123 470 2182; x_wconf 88' lang='lat' dir='ltr'>sed</span> <span class='ocrx_word' id='word_1_104' title='bbox 488 2121 744 2184; x_wconf 89' lang='lat' dir='ltr'>intercurrente</span> <span class='ocrx_word' id='word_1_105' title='bbox 761 2122 903 2183; x_wconf 92' lang='lat' dir='ltr'>sinistro</span> <span class='ocrx_word' id='word_1_106' title='bbox 920 2142 1026 2185; x_wconf 88' lang='lat' dir='ltr'>even-</span> 
     </span>
     <span class='ocr_line' id='line_1_19' title="bbox 193 2242 1027 2325; baseline 0.005 -22"><span class='ocrx_word' id='word_1_107' title='bbox 193 2255 247 2322; x_wconf 87' lang='lat' dir='ltr'>tu,</span> <span class='ocrx_word' id='word_1_108' title='bbox 276 2246 322 2303; x_wconf 91' lang='lat' dir='ltr'>ab</span> <span class='ocrx_word' id='word_1_109' title='bbox 350 2242 467 2304; x_wconf 86' lang='lat' dir='ltr'>officio</span> <span class='ocrx_word' id='word_1_110' title='bbox 495 2242 709 2323; x_wconf 88' lang='lat' dir='ltr'>professoris</span> <span class='ocrx_word' id='word_1_111' title='bbox 734 2253 888 2325; x_wconf 94' lang='lat' dir='ltr'>amotus,</span> <span class='ocrx_word' id='word_1_112' title='bbox 920 2246 1027 2325; x_wconf 90' lang='lat' dir='ltr'>paulo</span> 
     </span>
     <span class='ocr_line' id='line_1_20' title="bbox 195 2363 1027 2446; baseline 0.004 -21"><span class='ocrx_word' id='word_1_113' title='bbox 195 2377 276 2445; x_wconf 89' lang='lat' dir='ltr'>post</span> <span class='ocrx_word' id='word_1_114' title='bbox 298 2365 537 2426; x_wconf 87' lang='lat' dir='ltr'>bibliothecae</span> <span class='ocrx_word' id='word_1_115' title='bbox 559 2363 771 2446; x_wconf 89' lang='lat' dir='ltr'>praeficitur.</span> <span class='ocrx_word' id='word_1_116' title='bbox 797 2363 931 2427; x_wconf 88' lang='lat' dir='ltr'>Censor</span> <span class='ocrx_word' id='word_1_117' title='bbox 954 2385 1027 2428; x_wconf 95' lang='lat' dir='ltr'>mo-</span> 
     </span>
     <span class='ocr_line' id='line_1_21' title="bbox 194 2485 1026 2570; baseline 0.005 -24"><span class='ocrx_word' id='word_1_118' title='bbox 194 2506 269 2546; x_wconf 93' lang='lat' dir='ltr'>rum</span> <span class='ocrx_word' id='word_1_119' title='bbox 298 2496 334 2546; x_wconf 94' lang='lat' dir='ltr'>et</span> <span class='ocrx_word' id='word_1_120' title='bbox 362 2485 574 2547; x_wconf 87' lang='lat' dir='ltr'>novitiorum</span> <span class='ocrx_word' id='word_1_121' title='bbox 602 2486 775 2568; x_wconf 91' lang='lat' dir='ltr'>magister</span> <span class='ocrx_word' id='word_1_122' title='bbox 802 2487 1026 2570; x_wconf 89' lang='lat' dir='ltr'>constitutus,</span> 
     </span>
     <span class='ocr_line' id='line_1_22' title="bbox 194 2607 1026 2672; baseline 0.005 -4"><span class='ocrx_word' id='word_1_123' title='bbox 194 2607 483 2669; x_wconf 90' lang='lat' dir='ltr'>commentarium</span> <span class='ocrx_word' id='word_1_124' title='bbox 515 2607 703 2670; x_wconf 90' lang='lat' dir='ltr'>litteralem</span> <span class='ocrx_word' id='word_1_125' title='bbox 732 2617 767 2670; x_wconf 92' lang='lat' dir='ltr'>et</span> <span class='ocrx_word' id='word_1_126' title='bbox 794 2610 963 2671; x_wconf 85' lang='lat' dir='ltr'>moralem</span> <span class='ocrx_word' id='word_1_127' title='bbox 992 2609 1026 2672; x_wconf 94' lang='lat' dir='ltr'>in</span> 
     </span>
     <span class='ocr_line' id='line_1_23' title="bbox 194 2728 1026 2812; baseline 0.005 -24"><span class='ocrx_word' id='word_1_128' title='bbox 194 2729 353 2809; x_wconf 89' lang='lat' dir='ltr'>regulam</span> <span class='ocrx_word' id='word_1_129' title='bbox 382 2747 407 2788; x_wconf 81' lang='lat' dir='ltr'>S.</span> <span class='ocrx_word' id='word_1_130' title='bbox 435 2728 621 2791; x_wconf 87' lang='lat' dir='ltr'>Benedicti</span> <span class='ocrx_word' id='word_1_131' title='bbox 648 2729 870 2791; x_wconf 87' lang='lat' dir='ltr'>conscribere</span> <span class='ocrx_word' id='word_1_132' title='bbox 899 2730 1026 2812; x_wconf 89' lang='lat' dir='ltr'>coepit,</span> 
     </span>
     <span class='ocr_line' id='line_1_24' title="bbox 196 2849 1026 2931; baseline 0.005 -21"><span class='ocrx_word' id='word_1_133' title='bbox 196 2850 251 2910; x_wconf 86' lang='lat' dir='ltr'>cui</span> <span class='ocrx_word' id='word_1_134' title='bbox 268 2869 352 2910; x_wconf 87' lang='lat' dir='ltr'>usus</span> <span class='ocrx_word' id='word_1_135' title='bbox 370 2862 405 2909; x_wconf 92' lang='lat' dir='ltr'>et</span> <span class='ocrx_word' id='word_1_136' title='bbox 422 2849 698 2911; x_wconf 91' lang='lat' dir='ltr'>consuetudines</span> <span class='ocrx_word' id='word_1_137' title='bbox 715 2850 927 2931; x_wconf 91' lang='lat' dir='ltr'>disciplinae</span> <span class='ocrx_word' id='word_1_138' title='bbox 944 2852 1026 2914; x_wconf 92' lang='lat' dir='ltr'>Bla-</span> 
     </span>
     <span class='ocr_line' id='line_1_25' title="bbox 195 2970 1026 3053; baseline 0.008 -24"><span class='ocrx_word' id='word_1_139' title='bbox 195 2970 317 3031; x_wconf 87' lang='lat' dir='ltr'>sianae</span> <span class='ocrx_word' id='word_1_140' title='bbox 339 2970 493 3031; x_wconf 87' lang='lat' dir='ltr'>inserere</span> <span class='ocrx_word' id='word_1_141' title='bbox 510 2971 705 3052; x_wconf 84' lang='lat' dir='ltr'>proposuit,</span> <span class='ocrx_word' id='word_1_142' title='bbox 731 2974 794 3033; x_wconf 91' lang='lat' dir='ltr'>sed</span> <span class='ocrx_word' id='word_1_143' title='bbox 819 2992 910 3053; x_wconf 93' lang='lat' dir='ltr'>opus</span> <span class='ocrx_word' id='word_1_144' title='bbox 930 2974 1026 3036; x_wconf 93' lang='lat' dir='ltr'>lucu-</span> 
     </span>
     <span class='ocr_line' id='line_1_26' title="bbox 194 3091 1026 3177; baseline 0.007 -25"><span class='ocrx_word' id='word_1_145' title='bbox 194 3093 327 3153; x_wconf 88' lang='lat' dir='ltr'>lentum</span> <span class='ocrx_word' id='word_1_146' title='bbox 345 3111 456 3172; x_wconf 89' lang='lat' dir='ltr'>usque</span> <span class='ocrx_word' id='word_1_147' title='bbox 473 3093 518 3153; x_wconf 94' lang='lat' dir='ltr'>ad</span> <span class='ocrx_word' id='word_1_148' title='bbox 534 3091 595 3154; x_wconf 86' lang='lat' dir='ltr'>IV.</span> <span class='ocrx_word' id='word_1_149' title='bbox 611 3092 756 3174; x_wconf 89' lang='lat' dir='ltr'>regulae</span> <span class='ocrx_word' id='word_1_150' title='bbox 773 3105 883 3175; x_wconf 89' lang='lat' dir='ltr'>caput</span> <span class='ocrx_word' id='word_1_151' title='bbox 897 3097 1026 3177; x_wconf 92' lang='lat' dir='ltr'>perdu-</span> 
     </span>
     <span class='ocr_line' id='line_1_27' title="bbox 195 3212 1026 3298; baseline 0.006 -24"><span class='ocrx_word' id='word_1_152' title='bbox 195 3213 258 3276; x_wconf 84' lang='lat' dir='ltr'>xit.</span> <span class='ocrx_word' id='word_1_153' title='bbox 282 3214 464 3275; x_wconf 89' lang='lat' dir='ltr'>Parochus</span> <span class='ocrx_word' id='word_1_154' title='bbox 485 3212 520 3274; x_wconf 93' lang='lat' dir='ltr'>in</span> <span class='ocrx_word' id='word_1_155' title='bbox 536 3213 720 3295; x_wconf 86' lang='lat' dir='ltr'>Todtnau,⁰</span> <span class='ocrx_word' id='word_1_156' title='bbox 738 3214 819 3276; x_wconf 91' lang='lat' dir='ltr'>dein</span> <span class='ocrx_word' id='word_1_157' title='bbox 840 3217 1026 3298; x_wconf 91' lang='lat' dir='ltr'>granarius</span> 
     </span>
     <span class='ocr_line' id='line_1_28' title="bbox 196 3335 1027 3418; baseline 0.006 -23"><span class='ocrx_word' id='word_1_158' title='bbox 196 3336 229 3396; x_wconf 92' lang='lat' dir='ltr'>in</span> <span class='ocrx_word' id='word_1_159' title='bbox 248 3357 273 3398; x_wconf 91' lang='lat' dir='ltr'>s.</span> <span class='ocrx_word' id='word_1_160' title='bbox 288 3335 410 3396; x_wconf 86' lang='lat' dir='ltr'>Blasio</span> <span class='ocrx_word' id='word_1_161' title='bbox 427 3354 496 3396; x_wconf 93' lang='lat' dir='ltr'>uno</span> <span class='ocrx_word' id='word_1_162' title='bbox 513 3354 605 3396; x_wconf 92' lang='lat' dir='ltr'>anno</span> <span class='ocrx_word' id='word_1_163' title='bbox 619 3345 766 3417; x_wconf 92' lang='lat' dir='ltr'>tantum,</span> <span class='ocrx_word' id='word_1_164' title='bbox 783 3336 880 3418; x_wconf 91' lang='lat' dir='ltr'>prior</span> <span class='ocrx_word' id='word_1_165' title='bbox 892 3338 927 3399; x_wconf 94' lang='lat' dir='ltr'>in</span> <span class='ocrx_word' id='word_1_166' title='bbox 940 3336 1027 3402; x_wconf 90' lang='lat' dir='ltr'>Sion</span> 
     </span>
     <span class='ocr_line' id='line_1_29' title="bbox 196 3455 1028 3541; baseline 0.007 -25"><span class='ocrx_word' id='word_1_167' title='bbox 196 3468 348 3536; x_wconf 88' lang='lat' dir='ltr'>quatuor</span> <span class='ocrx_word' id='word_1_168' title='bbox 364 3456 465 3518; x_wconf 91' lang='lat' dir='ltr'>annis</span> <span class='ocrx_word' id='word_1_169' title='bbox 481 3455 558 3538; x_wconf 88' lang='lat' dir='ltr'>fuit,</span> <span class='ocrx_word' id='word_1_170' title='bbox 574 3457 635 3518; x_wconf 93' lang='lat' dir='ltr'>ubi</span> <span class='ocrx_word' id='word_1_171' title='bbox 648 3459 694 3519; x_wconf 94' lang='lat' dir='ltr'>ob</span> <span class='ocrx_word' id='word_1_172' title='bbox 711 3458 957 3541; x_wconf 88' lang='lat' dir='ltr'>impugnatum</span> <span class='ocrx_word' id='word_1_173' title='bbox 973 3461 1028 3524; x_wconf 93' lang='lat' dir='ltr'>ius</span> 
     </span>
    </p>
   </div>
   <div class='ocr_carea' id='block_1_7' title="bbox 196 3576 1027 3661">
    <p class='ocr_par' dir='ltr' id='par_1_7' title="bbox 196 3576 1027 3661">
     <span class='ocr_line' id='line_1_30' title="bbox 196 3576 1027 3661; baseline 0.007 -23"><span class='ocrx_word' id='word_1_174' title='bbox 196 3577 286 3659; x_wconf 76' lang='lat' dir='ltr'>asyli</span> <span class='ocrx_word' id='word_1_175' title='bbox 311 3579 356 3638; x_wconf 87' lang='lat' dir='ltr'>ab</span> <span class='ocrx_word' id='word_1_176' title='bbox 381 3576 663 3657; x_wconf 89' lang='lat' dir='ltr'>archipraefecto</span> <span class='ocrx_word' id='word_1_177' title='bbox 684 3578 851 3661; x_wconf 91' lang='lat' dir='ltr'>Badensi,</span> <span class='ocrx_word' id='word_1_178' title='bbox 877 3582 1027 3661; x_wconf 90' lang='lat' dir='ltr'>patricio</span> 
     </span>
    </p>
   </div>
   <div class='ocr_carea' id='block_1_8' title="bbox 196 3698 1032 5367">
    <p class='ocr_par' dir='ltr' id='par_1_8' title="bbox 196 3698 1032 5367">
     <span class='ocr_line' id='line_1_31' title="bbox 197 3698 1028 3780; baseline 0.007 -20"><span class='ocrx_word' id='word_1_179' title='bbox 197 3699 424 3778; x_wconf 91' lang='lat' dir='ltr'>Bernatensi,</span> <span class='ocrx_word' id='word_1_180' title='bbox 452 3698 682 3780; x_wconf 76' lang='lat' dir='ltr'>gravissimas</span> <span class='ocrx_word' id='word_1_181' title='bbox 715 3700 896 3764; x_wconf 91' lang='lat' dir='ltr'>molestias</span> <span class='ocrx_word' id='word_1_182' title='bbox 924 3704 1028 3766; x_wconf 91' lang='lat' dir='ltr'>susti-</span> 
     </span>
     <span class='ocr_line' id='line_1_32' title="bbox 196 3821 1028 3901; baseline 0.006 -19"><span class='ocrx_word' id='word_1_183' title='bbox 196 3822 281 3901; x_wconf 90' lang='lat' dir='ltr'>nuit,</span> <span class='ocrx_word' id='word_1_184' title='bbox 299 3822 489 3900; x_wconf 89' lang='lat' dir='ltr'>impetrata</span> <span class='ocrx_word' id='word_1_185' title='bbox 502 3821 645 3882; x_wconf 91' lang='lat' dir='ltr'>tandem</span> <span class='ocrx_word' id='word_1_186' title='bbox 659 3822 778 3884; x_wconf 93' lang='lat' dir='ltr'>multis</span> <span class='ocrx_word' id='word_1_187' title='bbox 794 3824 975 3887; x_wconf 92' lang='lat' dir='ltr'>laboribus</span> <span class='ocrx_word' id='word_1_188' title='bbox 992 3837 1028 3887; x_wconf 92' lang='lat' dir='ltr'>et</span> 
     </span>
     <span class='ocr_line' id='line_1_33' title="bbox 197 3940 1029 4024; baseline 0.005 -20"><span class='ocrx_word' id='word_1_189' title='bbox 197 3943 367 4024; x_wconf 85' lang='lat' dir='ltr'>expensis</span> <span class='ocrx_word' id='word_1_190' title='bbox 386 3941 542 4003; x_wconf 76' lang='lat' dir='ltr'>victoria.</span> <span class='ocrx_word' id='word_1_191' title='bbox 568 3940 751 4024; x_wconf 88' lang='lat' dir='ltr'>Concepto</span> <span class='ocrx_word' id='word_1_192' title='bbox 772 3944 853 4006; x_wconf 91' lang='lat' dir='ltr'>inde</span> <span class='ocrx_word' id='word_1_193' title='bbox 870 3945 939 4008; x_wconf 93' lang='lat' dir='ltr'>loci</span> <span class='ocrx_word' id='word_1_194' title='bbox 955 3954 1029 4008; x_wconf 88' lang='lat' dir='ltr'>tae·</span> 
     </span>
     <span class='ocr_line' id='line_1_34' title="bbox 197 4063 1028 4146; baseline 0.005 -21"><span class='ocrx_word' id='word_1_195' title='bbox 197 4065 264 4145; x_wconf 89' lang='lat' dir='ltr'>di0,</span> <span class='ocrx_word' id='word_1_196' title='bbox 282 4064 459 4146; x_wconf 89' lang='lat' dir='ltr'>parochus</span> <span class='ocrx_word' id='word_1_197' title='bbox 476 4083 555 4124; x_wconf 93' lang='lat' dir='ltr'>cum</span> <span class='ocrx_word' id='word_1_198' title='bbox 569 4063 672 4126; x_wconf 90' lang='lat' dir='ltr'>titulo</span> <span class='ocrx_word' id='word_1_199' title='bbox 685 4065 981 4130; x_wconf 91' lang='lat' dir='ltr'>administratoris</span> <span class='ocrx_word' id='word_1_200' title='bbox 993 4068 1028 4129; x_wconf 93' lang='lat' dir='ltr'>in</span> 
     </span>
     <span class='ocr_line' id='line_1_35' title="bbox 197 4186 1029 4271; baseline 0.005 -24"><span class='ocrx_word' id='word_1_201' title='bbox 197 4187 468 4267; x_wconf 87' lang='lat' dir='ltr'>Bettmaringen</span> <span class='ocrx_word' id='word_1_202' title='bbox 485 4186 712 4248; x_wconf 89' lang='lat' dir='ltr'>constituitur</span> <span class='ocrx_word' id='word_1_203' title='bbox 728 4199 764 4249; x_wconf 91' lang='lat' dir='ltr'>et</span> <span class='ocrx_word' id='word_1_204' title='bbox 779 4199 908 4268; x_wconf 91' lang='lat' dir='ltr'>postea</span> <span class='ocrx_word' id='word_1_205' title='bbox 923 4208 1029 4271; x_wconf 91' lang='lat' dir='ltr'>supe-</span> 
     </span>
     <span class='ocr_line' id='line_1_36' title="bbox 197 4307 1030 4389; baseline 0.005 -21"><span class='ocrx_word' id='word_1_206' title='bbox 197 4308 266 4370; x_wconf 92' lang='lat' dir='ltr'>rior</span> <span class='ocrx_word' id='word_1_207' title='bbox 293 4309 327 4370; x_wconf 91' lang='lat' dir='ltr'>in</span> <span class='ocrx_word' id='word_1_208' title='bbox 349 4308 555 4389; x_wconf 86' lang='lat' dir='ltr'>Todtmoos,</span> <span class='ocrx_word' id='word_1_209' title='bbox 580 4307 658 4388; x_wconf 90' lang='lat' dir='ltr'>pari</span> <span class='ocrx_word' id='word_1_210' title='bbox 684 4307 816 4389; x_wconf 91' lang='lat' dir='ltr'>ubique</span> <span class='ocrx_word' id='word_1_211' title='bbox 839 4309 1030 4372; x_wconf 91' lang='lat' dir='ltr'>sedulitate</span> 
     </span>
     <span class='ocr_line' id='line_1_37' title="bbox 199 4429 1030 4512; baseline 0.004 -21"><span class='ocrx_word' id='word_1_212' title='bbox 199 4441 235 4492; x_wconf 94' lang='lat' dir='ltr'>et</span> <span class='ocrx_word' id='word_1_213' title='bbox 251 4429 425 4512; x_wconf 89' lang='lat' dir='ltr'>profectu.</span> <span class='ocrx_word' id='word_1_214' title='bbox 450 4431 537 4491; x_wconf 91' lang='lat' dir='ltr'>Inde</span> <span class='ocrx_word' id='word_1_215' title='bbox 562 4432 607 4491; x_wconf 92' lang='lat' dir='ltr'>ad</span> <span class='ocrx_word' id='word_1_216' title='bbox 631 4431 880 4512; x_wconf 88' lang='lat' dir='ltr'>gravissimum</span> <span class='ocrx_word' id='word_1_217' title='bbox 904 4432 1030 4495; x_wconf 91' lang='lat' dir='ltr'>decani</span> 
     </span>
     <span class='ocr_line' id='line_1_38' title="bbox 198 4551 1030 4634; baseline 0.002 -20"><span class='ocrx_word' id='word_1_218' title='bbox 198 4553 401 4614; x_wconf 92' lang='lat' dir='ltr'>monasterii</span> <span class='ocrx_word' id='word_1_219' title='bbox 419 4574 444 4614; x_wconf 84' lang='lat' dir='ltr'>s</span> <span class='ocrx_word' id='word_1_220' title='bbox 459 4551 570 4614; x_wconf 89' lang='lat' dir='ltr'>Blasii</span> <span class='ocrx_word' id='word_1_221' title='bbox 587 4551 740 4614; x_wconf 87' lang='lat' dir='ltr'>officium</span> <span class='ocrx_word' id='word_1_222' title='bbox 756 4565 952 4634; x_wconf 93' lang='lat' dir='ltr'>promotus,</span> <span class='ocrx_word' id='word_1_223' title='bbox 969 4574 1030 4616; x_wconf 93' lang='lat' dir='ltr'>an-</span> 
     </span>
     <span class='ocr_line' id='line_1_39' title="bbox 198 4672 1030 4756; baseline 0.002 -22"><span class='ocrx_word' id='word_1_224' title='bbox 198 4675 252 4735; x_wconf 90' lang='lat' dir='ltr'>nis</span> <span class='ocrx_word' id='word_1_225' title='bbox 266 4676 414 4755; x_wconf 90' lang='lat' dir='ltr'>duobus,</span> <span class='ocrx_word' id='word_1_226' title='bbox 432 4672 613 4735; x_wconf 89' lang='lat' dir='ltr'>mensibus</span> <span class='ocrx_word' id='word_1_227' title='bbox 626 4673 739 4735; x_wconf 92' lang='lat' dir='ltr'>tribus</span> <span class='ocrx_word' id='word_1_228' title='bbox 752 4673 839 4736; x_wconf 90' lang='lat' dir='ltr'>illud</span> <span class='ocrx_word' id='word_1_229' title='bbox 853 4674 976 4756; x_wconf 89' lang='lat' dir='ltr'>tenuit,</span> <span class='ocrx_word' id='word_1_230' title='bbox 995 4683 1030 4736; x_wconf 92' lang='lat' dir='ltr'>et</span> 
     </span>
     <span class='ocr_line' id='line_1_40' title="bbox 198 4794 1030 4859; baseline 0.001 -2"><span class='ocrx_word' id='word_1_231' title='bbox 198 4796 367 4859; x_wconf 82' lang='lat' dir='ltr'>defuncto</span> <span class='ocrx_word' id='word_1_232' title='bbox 392 4798 431 4858; x_wconf 94' lang='lat' dir='ltr'>P.</span> <span class='ocrx_word' id='word_1_233' title='bbox 457 4796 622 4858; x_wconf 83' lang='lat' dir='ltr'>Frowino</span> <span class='ocrx_word' id='word_1_234' title='bbox 649 4795 684 4857; x_wconf 91' lang='lat' dir='ltr'>in</span> <span class='ocrx_word' id='word_1_235' title='bbox 712 4794 830 4858; x_wconf 87' lang='lat' dir='ltr'>officio</span> <span class='ocrx_word' id='word_1_236' title='bbox 857 4797 1030 4859; x_wconf 88' lang='lat' dir='ltr'>cellerarii</span> 
     </span>
     <span class='ocr_line' id='line_1_41' title="bbox 198 4905 1030 5000; baseline 0.001 -21"><span class='ocrx_word' id='word_1_237' title='bbox 198 4905 319 5000; x_wconf 85' lang='lat' dir='ltr'>magni</span> <span class='ocrx_word' id='word_1_238' title='bbox 342 4919 523 4981; x_wconf 90' lang='lat' dir='ltr'>successit.</span> <span class='ocrx_word' id='word_1_239' title='bbox 548 4918 636 4979; x_wconf 93' lang='lat' dir='ltr'>Post</span> <span class='ocrx_word' id='word_1_240' title='bbox 660 4935 772 4979; x_wconf 90' lang='lat' dir='ltr'>annos</span> <span class='ocrx_word' id='word_1_241' title='bbox 796 4937 861 4979; x_wconf 90' lang='lat' dir='ltr'>sex</span> <span class='ocrx_word' id='word_1_242' title='bbox 878 4928 915 4980; x_wconf 90' lang='lat' dir='ltr'>et</span> <span class='ocrx_word' id='word_1_243' title='bbox 931 4918 1030 4980; x_wconf 93' lang='lat' dir='ltr'>dimi·</span> 
     </span>
     <span class='ocr_line' id='line_1_42' title="bbox 199 5037 1031 5120; baseline -0.002 -18"><span class='ocrx_word' id='word_1_244' title='bbox 199 5041 295 5103; x_wconf 91' lang='lat' dir='ltr'>dium</span> <span class='ocrx_word' id='word_1_245' title='bbox 312 5044 471 5104; x_wconf 90' lang='lat' dir='ltr'>laborum</span> <span class='ocrx_word' id='word_1_246' title='bbox 490 5051 596 5120; x_wconf 91' lang='lat' dir='ltr'>satur,</span> <span class='ocrx_word' id='word_1_247' title='bbox 621 5050 657 5101; x_wconf 91' lang='lat' dir='ltr'>et</span> <span class='ocrx_word' id='word_1_248' title='bbox 681 5037 818 5101; x_wconf 88' lang='lat' dir='ltr'>infirma</span> <span class='ocrx_word' id='word_1_249' title='bbox 841 5038 911 5100; x_wconf 92' lang='lat' dir='ltr'>iam</span> <span class='ocrx_word' id='word_1_250' title='bbox 935 5039 1031 5101; x_wconf 89' lang='lat' dir='ltr'>vale·</span> 
     </span>
     <span class='ocr_line' id='line_1_43' title="bbox 199 5160 1031 5245; baseline -0.001 -21"><span class='ocrx_word' id='word_1_251' title='bbox 199 5163 320 5225; x_wconf 88' lang='lat' dir='ltr'>tudine</span> <span class='ocrx_word' id='word_1_252' title='bbox 329 5163 613 5245; x_wconf 89' lang='lat' dir='ltr'>praeposituram</span> <span class='ocrx_word' id='word_1_253' title='bbox 624 5160 922 5224; x_wconf 84' lang='lat' dir='ltr'>Gurtwihlensem</span> <span class='ocrx_word' id='word_1_254' title='bbox 932 5160 1031 5242; x_wconf 91' lang='lat' dir='ltr'>adiit,</span> 
     </span>
     <span class='ocr_line' id='line_1_44' title="bbox 200 5282 1032 5367; baseline -0.005 -20"><span class='ocrx_word' id='word_1_255' title='bbox 200 5289 244 5347; x_wconf 92' lang='lat' dir='ltr'>ab</span> <span class='ocrx_word' id='word_1_256' title='bbox 266 5287 476 5367; x_wconf 82' lang='lat' dir='ltr'>hospitibus,</span> <span class='ocrx_word' id='word_1_257' title='bbox 494 5305 583 5367; x_wconf 93' lang='lat' dir='ltr'>quos</span> <span class='ocrx_word' id='word_1_258' title='bbox 604 5284 805 5347; x_wconf 89' lang='lat' dir='ltr'>humaniter</span> <span class='ocrx_word' id='word_1_259' title='bbox 825 5292 861 5345; x_wconf 93' lang='lat' dir='ltr'>et</span> <span class='ocrx_word' id='word_1_260' title='bbox 879 5282 1032 5344; x_wconf 90' lang='lat' dir='ltr'>liberali·</span> 
     </span>
    </p>
   </div>
   <div class='ocr_carea' id='block_1_9' title="bbox 1105 1270 1938 2447">
    <p class='ocr_par' dir='ltr' id='par_1_9' title="bbox 1105 1270 1938 2324">
     <span class='ocr_line' id='line_1_45' title="bbox 1105 1270 1937 1351; baseline 0.001 -20"><span class='ocrx_word' id='word_1_261' title='bbox 1105 1290 1183 1331; x_wconf 91' lang='lat' dir='ltr'>cum</span> <span class='ocrx_word' id='word_1_262' title='bbox 1212 1270 1281 1331; x_wconf 95' lang='lat' dir='ltr'>iam</span> <span class='ocrx_word' id='word_1_263' title='bbox 1308 1270 1606 1351; x_wconf 86' lang='lat' dir='ltr'>septuagenarius</span> <span class='ocrx_word' id='word_1_264' title='bbox 1632 1283 1745 1351; x_wconf 89' lang='lat' dir='ltr'>esset,</span> <span class='ocrx_word' id='word_1_265' title='bbox 1771 1282 1806 1333; x_wconf 94' lang='lat' dir='ltr'>et</span> <span class='ocrx_word' id='word_1_266' title='bbox 1829 1271 1937 1332; x_wconf 74' lang='lat' dir='ltr'>variis</span> 
     </span>
     <span class='ocr_line' id='line_1_46' title="bbox 1105 1390 1937 1473; baseline 0 -20"><span class='ocrx_word' id='word_1_267' title='bbox 1105 1392 1264 1472; x_wconf 91' lang='lat' dir='ltr'>corporis</span> <span class='ocrx_word' id='word_1_268' title='bbox 1296 1392 1527 1473; x_wconf 90' lang='lat' dir='ltr'>languoribus</span> <span class='ocrx_word' id='word_1_269' title='bbox 1563 1390 1729 1472; x_wconf 87' lang='lat' dir='ltr'>affectus,</span> <span class='ocrx_word' id='word_1_270' title='bbox 1767 1392 1937 1454; x_wconf 90' lang='lat' dir='ltr'>laudabili</span> 
     </span>
     <span class='ocr_line' id='line_1_47' title="bbox 1106 1512 1936 1595; baseline 0.001 -21"><span class='ocrx_word' id='word_1_271' title='bbox 1106 1532 1251 1593; x_wconf 90' lang='lat' dir='ltr'>prorsus</span> <span class='ocrx_word' id='word_1_272' title='bbox 1268 1523 1303 1574; x_wconf 90' lang='lat' dir='ltr'>et</span> <span class='ocrx_word' id='word_1_273' title='bbox 1320 1512 1516 1574; x_wconf 92' lang='lat' dir='ltr'>imitatione</span> <span class='ocrx_word' id='word_1_274' title='bbox 1535 1512 1745 1593; x_wconf 89' lang='lat' dir='ltr'>dignissimo</span> <span class='ocrx_word' id='word_1_275' title='bbox 1762 1515 1936 1595; x_wconf 89' lang='lat' dir='ltr'>exemplo,</span> 
     </span>
     <span class='ocr_line' id='line_1_48' title="bbox 1107 1635 1936 1717; baseline 0.002 -21"><span class='ocrx_word' id='word_1_276' title='bbox 1107 1637 1152 1696; x_wconf 93' lang='lat' dir='ltr'>ab</span> <span class='ocrx_word' id='word_1_277' title='bbox 1174 1638 1306 1696; x_wconf 90' lang='lat' dir='ltr'>abbate</span> <span class='ocrx_word' id='word_1_278' title='bbox 1330 1635 1482 1717; x_wconf 86' lang='lat' dir='ltr'>gratiam</span> <span class='ocrx_word' id='word_1_279' title='bbox 1507 1635 1612 1715; x_wconf 94' lang='lat' dir='ltr'>petiit</span> <span class='ocrx_word' id='word_1_280' title='bbox 1633 1635 1867 1717; x_wconf 80' lang='lat' dir='ltr'>obtinuitque,</span> <span class='ocrx_word' id='word_1_281' title='bbox 1888 1645 1936 1716; x_wconf 93' lang='lat' dir='ltr'>ut,</span> 
     </span>
     <span class='ocr_line' id='line_1_49' title="bbox 1106 1756 1938 1837; baseline 0 -19"><span class='ocrx_word' id='word_1_282' title='bbox 1106 1756 1239 1819; x_wconf 89' lang='lat' dir='ltr'>reiecta</span> <span class='ocrx_word' id='word_1_283' title='bbox 1256 1756 1350 1818; x_wconf 94' lang='lat' dir='ltr'>omni</span> <span class='ocrx_word' id='word_1_284' title='bbox 1364 1756 1610 1837; x_wconf 92' lang='lat' dir='ltr'>temporalium</span> <span class='ocrx_word' id='word_1_285' title='bbox 1624 1776 1718 1837; x_wconf 91' lang='lat' dir='ltr'>cura,</span> <span class='ocrx_word' id='word_1_286' title='bbox 1736 1756 1803 1818; x_wconf 92' lang='lat' dir='ltr'>sibi</span> <span class='ocrx_word' id='word_1_287' title='bbox 1821 1757 1885 1818; x_wconf 93' lang='lat' dir='ltr'>soli</span> <span class='ocrx_word' id='word_1_288' title='bbox 1903 1765 1938 1818; x_wconf 91' lang='lat' dir='ltr'>et</span> 
     </span>
     <span class='ocr_line' id='line_1_50' title="bbox 1106 1877 1938 1959; baseline 0.001 -20"><span class='ocrx_word' id='word_1_289' title='bbox 1106 1877 1185 1940; x_wconf 92' lang='lat' dir='ltr'>Deo</span> <span class='ocrx_word' id='word_1_290' title='bbox 1202 1878 1237 1939; x_wconf 92' lang='lat' dir='ltr'>in</span> <span class='ocrx_word' id='word_1_291' title='bbox 1249 1879 1328 1940; x_wconf 92' lang='lat' dir='ltr'>loco</span> <span class='ocrx_word' id='word_1_292' title='bbox 1342 1898 1465 1940; x_wconf 89' lang='lat' dir='ltr'>sacrae</span> <span class='ocrx_word' id='word_1_293' title='bbox 1479 1877 1711 1959; x_wconf 86' lang='lat' dir='ltr'>professionis</span> <span class='ocrx_word' id='word_1_294' title='bbox 1721 1879 1843 1940; x_wconf 81' lang='lat' dir='ltr'>vivere</span> <span class='ocrx_word' id='word_1_295' title='bbox 1856 1879 1938 1941; x_wconf 92' lang='lat' dir='ltr'>lice·</span> 
     </span>
     <span class='ocr_line' id='line_1_51' title="bbox 1106 2000 1938 2064; baseline 0 -2"><span class='ocrx_word' id='word_1_296' title='bbox 1106 2012 1170 2064; x_wconf 93' lang='lat' dir='ltr'>ret.</span> <span class='ocrx_word' id='word_1_297' title='bbox 1196 2001 1345 2063; x_wconf 91' lang='lat' dir='ltr'>Biennio</span> <span class='ocrx_word' id='word_1_298' title='bbox 1363 2000 1411 2062; x_wconf 92' lang='lat' dir='ltr'>ibi</span> <span class='ocrx_word' id='word_1_299' title='bbox 1428 2020 1564 2062; x_wconf 91' lang='lat' dir='ltr'>summo</span> <span class='ocrx_word' id='word_1_300' title='bbox 1586 2001 1713 2062; x_wconf 91' lang='lat' dir='ltr'>solatio</span> <span class='ocrx_word' id='word_1_301' title='bbox 1739 2009 1774 2062; x_wconf 91' lang='lat' dir='ltr'>et</span> <span class='ocrx_word' id='word_1_302' title='bbox 1801 2000 1938 2063; x_wconf 86' lang='lat' dir='ltr'>confra-</span> 
     </span>
     <span class='ocr_line' id='line_1_52' title="bbox 1107 2121 1938 2203; baseline -0.001 -19"><span class='ocrx_word' id='word_1_303' title='bbox 1107 2134 1199 2185; x_wconf 90' lang='lat' dir='ltr'>trum</span> <span class='ocrx_word' id='word_1_304' title='bbox 1216 2121 1463 2184; x_wconf 88' lang='lat' dir='ltr'>aedificatione</span> <span class='ocrx_word' id='word_1_305' title='bbox 1480 2133 1619 2202; x_wconf 83' lang='lat' dir='ltr'>exacto,</span> <span class='ocrx_word' id='word_1_306' title='bbox 1631 2121 1685 2184; x_wconf 79' lang='lat' dir='ltr'>vir</span> <span class='ocrx_word' id='word_1_307' title='bbox 1699 2122 1865 2184; x_wconf 91' lang='lat' dir='ltr'>emeritus</span> <span class='ocrx_word' id='word_1_308' title='bbox 1879 2122 1938 2203; x_wconf 91' lang='lat' dir='ltr'>pie</span> 
     </span>
     <span class='ocr_line' id='line_1_53' title="bbox 1109 2244 1559 2324; baseline 0 -18"><span class='ocrx_word' id='word_1_309' title='bbox 1109 2244 1198 2306; x_wconf 92' lang='lat' dir='ltr'>obiit</span> <span class='ocrx_word' id='word_1_310' title='bbox 1215 2244 1271 2305; x_wconf 92' lang='lat' dir='ltr'>die</span> <span class='ocrx_word' id='word_1_311' title='bbox 1293 2249 1339 2305; x_wconf 81' lang='lat'>15.</span> <span class='ocrx_word' id='word_1_312' title='bbox 1358 2244 1446 2324; x_wconf 85' lang='lat' dir='ltr'>Apr.</span> <span class='ocrx_word' id='word_1_313' title='bbox 1469 2247 1559 2322; x_wconf 82' lang='lat'>1785.</span> 
     </span>
    </p>

    <p class='ocr_par' dir='ltr' id='par_1_10' title="bbox 1195 2364 1937 2447">
     <span class='ocr_line' id='line_1_54' title="bbox 1195 2364 1937 2447; baseline -0.003 -19"><span class='ocrx_word' id='word_1_314' title='bbox 1195 2364 1400 2447; x_wconf 87' lang='lat' dir='ltr'>Sequuntur</span> <span class='ocrx_word' id='word_1_315' title='bbox 1421 2365 1496 2427; x_wconf 92' lang='lat' dir='ltr'>eius</span> <span class='ocrx_word' id='word_1_316' title='bbox 1517 2365 1660 2426; x_wconf 90' lang='lat' dir='ltr'>residua</span> <span class='ocrx_word' id='word_1_317' title='bbox 1682 2365 1937 2445; x_wconf 88' lang='lat' dir='ltr'>manuscripta:</span> 
     </span>
    </p>
   </div>
   <div class='ocr_carea' id='block_1_10' title="bbox 1107 2489 1943 5358">
    <p class='ocr_par' dir='ltr' id='par_1_11' title="bbox 1107 2489 1938 2879">
     <span class='ocr_line' id='line_1_55' title="bbox 1194 2489 1937 2566; baseline -0.004 -18"><span class='ocrx_word' id='word_1_318' title='bbox 1194 2493 1216 2548; x_wconf 95' lang='lat' dir='ltr'>I.</span> <span class='ocrx_word' id='word_1_319' title='bbox 1234 2489 1375 2566; x_wconf 88' lang='lat' dir='ltr'>Systema</span> <span class='ocrx_word' id='word_1_320' title='bbox 1392 2492 1534 2564; x_wconf 87' lang='lat' dir='ltr'>generale</span> <span class='ocrx_word' id='word_1_321' title='bbox 1551 2491 1588 2547; x_wconf 91' lang='lat' dir='ltr'>de</span> <span class='ocrx_word' id='word_1_322' title='bbox 1605 2505 1688 2548; x_wconf 88' lang='lat' dir='ltr'>recte</span> <span class='ocrx_word' id='word_1_323' title='bbox 1706 2491 1862 2547; x_wconf 84' lang='lat' dir='ltr'>formando</span> <span class='ocrx_word' id='word_1_324' title='bbox 1876 2504 1937 2546; x_wconf 91' lang='lat' dir='ltr'>stu·</span> 
     </span>
     <span class='ocr_line' id='line_1_56' title="bbox 1108 2595 1937 2668; baseline -0.004 -15"><span class='ocrx_word' id='word_1_325' title='bbox 1108 2598 1157 2653; x_wconf 89' lang='lat' dir='ltr'>dio</span> <span class='ocrx_word' id='word_1_326' title='bbox 1186 2600 1326 2652; x_wconf 83' lang='lat' dir='ltr'>universo</span> <span class='ocrx_word' id='word_1_327' title='bbox 1355 2598 1526 2651; x_wconf 88' lang='lat' dir='ltr'>monasterii</span> <span class='ocrx_word' id='word_1_328' title='bbox 1556 2595 1593 2650; x_wconf 91' lang='lat' dir='ltr'>ad</span> <span class='ocrx_word' id='word_1_329' title='bbox 1623 2614 1647 2650; x_wconf 81' lang='lat' dir='ltr'>S.</span> <span class='ocrx_word' id='word_1_330' title='bbox 1677 2596 1815 2651; x_wconf 89' lang='lat' dir='ltr'>Blasium.</span> <span class='ocrx_word' id='word_1_331' title='bbox 1849 2608 1937 2668; x_wconf 80' lang='lat'>1743.</span> 
     </span>
     <span class='ocr_line' id='line_1_57' title="bbox 1107 2698 1938 2759; baseline -0.007 0"><span class='ocrx_word' id='word_1_332' title='bbox 1107 2704 1285 2759; x_wconf 83' lang='lat' dir='ltr'>Continetur</span> <span class='ocrx_word' id='word_1_333' title='bbox 1303 2703 1331 2756; x_wconf 88' lang='lat' dir='ltr'>in</span> <span class='ocrx_word' id='word_1_334' title='bbox 1348 2698 1490 2756; x_wconf 89' lang='lat' dir='ltr'>Stanislai</span> <span class='ocrx_word' id='word_1_335' title='bbox 1509 2699 1652 2757; x_wconf 79' lang='lat' dir='ltr'>Wlilberz</span> <span class='ocrx_word' id='word_1_336' title='bbox 1669 2700 1874 2755; x_wconf 88' lang='lat' dir='ltr'>analectorum</span> <span class='ocrx_word' id='word_1_337' title='bbox 1892 2712 1938 2753; x_wconf 92' lang='lat' dir='ltr'>to·</span> 
     </span>
     <span class='ocr_line' id='line_1_58' title="bbox 1108 2806 1335 2879; baseline -0.004 -18"><span class='ocrx_word' id='word_1_338' title='bbox 1108 2824 1156 2861; x_wconf 94' lang='lat' dir='ltr'>mo</span> <span class='ocrx_word' id='word_1_339' title='bbox 1173 2806 1208 2861; x_wconf 70' lang='lat'>1⁷.</span> <span class='ocrx_word' id='word_1_340' title='bbox 1228 2806 1289 2877; x_wconf 75' lang='lat'>204</span> <span class='ocrx_word' id='word_1_341' title='bbox 1306 2823 1335 2879; x_wconf 90' lang='lat' dir='ltr'>p.</span> 
     </span>
    </p>

    <p class='ocr_par' dir='ltr' id='par_1_12' title="bbox 1108 2906 1939 3296">
     <span class='ocr_line' id='line_1_59' title="bbox 1193 2906 1938 2982; baseline -0.005 -18"><span class='ocrx_word' id='word_1_342' title='bbox 1193 2910 1230 2965; x_wconf 93' lang='lat'>11.</span> <span class='ocrx_word' id='word_1_343' title='bbox 1243 2907 1441 2982; x_wconf 85' lang='lat' dir='ltr'>Sciagraphia</span> <span class='ocrx_word' id='word_1_344' title='bbox 1454 2907 1577 2963; x_wconf 90' lang='lat' dir='ltr'>duarum</span> <span class='ocrx_word' id='word_1_345' title='bbox 1590 2907 1802 2982; x_wconf 86' lang='lat' dir='ltr'>philosophiae</span> <span class='ocrx_word' id='word_1_346' title='bbox 1817 2906 1938 2962; x_wconf 89' lang='lat' dir='ltr'>eclecti-</span> 
     </span>
     <span class='ocr_line' id='line_1_60' title="bbox 1108 3010 1939 3089; baseline -0.008 -19"><span class='ocrx_word' id='word_1_347' title='bbox 1108 3033 1161 3071; x_wconf 88' lang='lat' dir='ltr'>cae</span> <span class='ocrx_word' id='word_1_348' title='bbox 1179 3015 1318 3089; x_wconf 87' lang='lat' dir='ltr'>partium,</span> <span class='ocrx_word' id='word_1_349' title='bbox 1340 3013 1458 3085; x_wconf 82' lang='lat' dir='ltr'>logicae</span> <span class='ocrx_word' id='word_1_350' title='bbox 1474 3024 1564 3086; x_wconf 89' lang='lat' dir='ltr'>prout</span> <span class='ocrx_word' id='word_1_351' title='bbox 1581 3012 1716 3086; x_wconf 89' lang='lat' dir='ltr'>practica</span> <span class='ocrx_word' id='word_1_352' title='bbox 1732 3024 1787 3077; x_wconf 88' lang='lat' dir='ltr'>est,</span> <span class='ocrx_word' id='word_1_353' title='bbox 1812 3023 1842 3065; x_wconf 87' lang='lat' dir='ltr'>et</span> <span class='ocrx_word' id='word_1_354' title='bbox 1863 3010 1939 3064; x_wconf 87' lang='lat' dir='ltr'>ethi·</span> 
     </span>
     <span class='ocr_line' id='line_1_61' title="bbox 1108 3112 1939 3192; baseline -0.008 -17"><span class='ocrx_word' id='word_1_355' title='bbox 1108 3138 1162 3175; x_wconf 88' lang='lat' dir='ltr'>cae</span> <span class='ocrx_word' id='word_1_356' title='bbox 1179 3121 1271 3173; x_wconf 87' lang='lat' dir='ltr'>totius</span> <span class='ocrx_word' id='word_1_357' title='bbox 1288 3115 1689 3192; x_wconf 88' lang='lat' dir='ltr'>philosophico-religiosae.</span> <span class='ocrx_word' id='word_1_358' title='bbox 1712 3112 1786 3170; x_wconf 84' lang='lat' dir='ltr'>ibid.</span> <span class='ocrx_word' id='word_1_359' title='bbox 1802 3127 1939 3188; x_wconf 84' lang='lat' dir='ltr'>utsupra</span> 
     </span>
     <span class='ocr_line' id='line_1_62' title="bbox 1111 3199 1674 3296; baseline -0.005 -18"><span class='ocrx_word' id='word_1_360' title='bbox 1111 3222 1171 3279; x_wconf 82' lang='lat'>268</span> <span class='ocrx_word' id='word_1_361' title='bbox 1189 3241 1217 3296; x_wconf 79' lang='grc' dir='ltr'>ρ.</span> <span class='ocrx_word' id='word_1_362' title='bbox 1672 3199 1674 3203; x_wconf 80' lang='grc'><strong>’</strong></span> 
     </span>
    </p>

    <p class='ocr_par' dir='ltr' id='par_1_13' title="bbox 1108 3323 1940 3610">
     <span class='ocr_line' id='line_1_63' title="bbox 1195 3323 1937 3399; baseline -0.003 -19"><span class='ocrx_word' id='word_1_363' title='bbox 1195 3325 1248 3380; x_wconf 93' lang='grc' dir='ltr'>ΙΙΙ.</span> <span class='ocrx_word' id='word_1_364' title='bbox 1275 3323 1485 3380; x_wconf 82' lang='lat' dir='ltr'>Additamenta</span> <span class='ocrx_word' id='word_1_365' title='bbox 1507 3325 1590 3378; x_wconf 86' lang='lat' dir='ltr'>varia</span> <span class='ocrx_word' id='word_1_366' title='bbox 1611 3324 1639 3377; x_wconf 91' lang='lat' dir='ltr'>in</span> <span class='ocrx_word' id='word_1_367' title='bbox 1662 3323 1892 3399; x_wconf 87' lang='lat' dir='ltr'>explicationem</span> <span class='ocrx_word' id='word_1_368' title='bbox 1913 3342 1937 3378; x_wconf 90' lang='lat' dir='ltr'>s.</span> 
     </span>
     <span class='ocr_line' id='line_1_64' title="bbox 1108 3426 1940 3504; baseline -0.002 -18"><span class='ocrx_word' id='word_1_369' title='bbox 1108 3431 1242 3504; x_wconf 88' lang='lat' dir='ltr'>regulae,</span> <span class='ocrx_word' id='word_1_370' title='bbox 1260 3426 1408 3485; x_wconf 87' lang='lat' dir='ltr'>tironibus</span> <span class='ocrx_word' id='word_1_371' title='bbox 1422 3429 1542 3483; x_wconf 84' lang='lat' dir='ltr'>novitiis</span> <span class='ocrx_word' id='word_1_372' title='bbox 1555 3427 1752 3502; x_wconf 88' lang='lat' dir='ltr'>explananda.</span> <span class='ocrx_word' id='word_1_373' title='bbox 1777 3426 1891 3484; x_wconf 89' lang='lat' dir='ltr'>Ibidem</span> <span class='ocrx_word' id='word_1_374' title='bbox 1908 3441 1940 3484; x_wconf 90' lang='lat' dir='ltr'>ut</span> 
     </span>
     <span class='ocr_line' id='line_1_65' title="bbox 1110 3549 1328 3610; baseline -0.009 -19"><span class='ocrx_word' id='word_1_375' title='bbox 1110 3553 1203 3610; x_wconf 89' lang='lat' dir='ltr'>supra</span> <span class='ocrx_word' id='word_1_376' title='bbox 1220 3549 1280 3606; x_wconf 89' lang='lat'>272</span> <span class='ocrx_word' id='word_1_377' title='bbox 1300 3552 1328 3609; x_wconf 90' lang='lat' dir='ltr'>p.</span> 
     </span>
    </p>

    <p class='ocr_par' dir='ltr' id='par_1_14' title="bbox 1108 3635 1941 3922">
     <span class='ocr_line' id='line_1_66' title="bbox 1195 3635 1939 3709; baseline -0.004 -14"><span class='ocrx_word' id='word_1_378' title='bbox 1195 3639 1245 3695; x_wconf 92' lang='lat' dir='ltr'>IV.</span> <span class='ocrx_word' id='word_1_379' title='bbox 1269 3635 1407 3693; x_wconf 88' lang='lat' dir='ltr'>Diatriba</span> <span class='ocrx_word' id='word_1_380' title='bbox 1423 3636 1459 3691; x_wconf 91' lang='lat' dir='ltr'>de</span> <span class='ocrx_word' id='word_1_381' title='bbox 1475 3635 1594 3693; x_wconf 89' lang='lat' dir='ltr'>duobus</span> <span class='ocrx_word' id='word_1_382' title='bbox 1612 3635 1806 3709; x_wconf 87' lang='lat' dir='ltr'>Reginbertis</span> <span class='ocrx_word' id='word_1_383' title='bbox 1827 3650 1857 3692; x_wconf 91' lang='lat' dir='ltr'>et</span> <span class='ocrx_word' id='word_1_384' title='bbox 1878 3638 1939 3692; x_wconf 93' lang='lat' dir='ltr'>ori·</span> 
     </span>
     <span class='ocr_line' id='line_1_67' title="bbox 1108 3738 1941 3817; baseline -0.005 -19"><span class='ocrx_word' id='word_1_385' title='bbox 1108 3745 1177 3817; x_wconf 87' lang='lat' dir='ltr'>gine</span> <span class='ocrx_word' id='word_1_386' title='bbox 1195 3743 1366 3798; x_wconf 90' lang='lat' dir='ltr'>monasterii</span> <span class='ocrx_word' id='word_1_387' title='bbox 1388 3740 1425 3795; x_wconf 91' lang='lat' dir='ltr'>ad</span> <span class='ocrx_word' id='word_1_388' title='bbox 1446 3760 1469 3796; x_wconf 89' lang='lat' dir='ltr'>s.</span> <span class='ocrx_word' id='word_1_389' title='bbox 1488 3741 1627 3796; x_wconf 87' lang='lat' dir='ltr'>Blasium.</span> <span class='ocrx_word' id='word_1_390' title='bbox 1656 3738 1770 3796; x_wconf 89' lang='lat' dir='ltr'>lbidem</span> <span class='ocrx_word' id='word_1_391' title='bbox 1794 3753 1826 3795; x_wconf 92' lang='lat' dir='ltr'>ut</span> <span class='ocrx_word' id='word_1_392' title='bbox 1849 3757 1941 3814; x_wconf 91' lang='lat' dir='ltr'>supra</span> 
     </span>
     <span class='ocr_line' id='line_1_68' title="bbox 1112 3847 1221 3922; baseline -0.028 -17"><span class='ocrx_word' id='word_1_393' title='bbox 1112 3847 1173 3919; x_wconf 80' lang='lat'>238</span> <span class='ocrx_word' id='word_1_394' title='bbox 1191 3867 1221 3922; x_wconf 89' lang='lat' dir='ltr'>p.</span> 
     </span>
    </p>

    <p class='ocr_par' dir='ltr' id='par_1_15' title="bbox 1110 3943 1943 4633">
     <span class='ocr_line' id='line_1_69' title="bbox 1196 3943 1940 4025; baseline -0.011 -17"><span class='ocrx_word' id='word_1_395' title='bbox 1196 3952 1231 4008; x_wconf 79' lang='lat'>1&#39;.</span> <span class='ocrx_word' id='word_1_396' title='bbox 1249 3950 1431 4025; x_wconf 82' lang='lat' dir='ltr'>Explanatio</span> <span class='ocrx_word' id='word_1_397' title='bbox 1445 3949 1696 4003; x_wconf 88' lang='lat' dir='ltr'>monasteriorum</span> <span class='ocrx_word' id='word_1_398' title='bbox 1709 3964 1776 4002; x_wconf 92' lang='lat' dir='ltr'>cum</span> <span class='ocrx_word' id='word_1_399' title='bbox 1790 3943 1940 4001; x_wconf 90' lang='lat' dir='ltr'>coenobio</span> 
     </span>
     <span class='ocr_line' id='line_1_70' title="bbox 1111 4051 1941 4128; baseline -0.007 -18"><span class='ocrx_word' id='word_1_400' title='bbox 1111 4055 1227 4128; x_wconf 87' lang='lat' dir='ltr'>Augiae</span> <span class='ocrx_word' id='word_1_401' title='bbox 1245 4053 1344 4109; x_wconf 83' lang='lat' dir='ltr'>divitis</span> <span class='ocrx_word' id='word_1_402' title='bbox 1362 4051 1659 4126; x_wconf 80' lang='lat' dir='ltr'>confoederatorum,</span> <span class='ocrx_word' id='word_1_403' title='bbox 1677 4051 1753 4105; x_wconf 90' lang='lat' dir='ltr'>etin</span> <span class='ocrx_word' id='word_1_404' title='bbox 1768 4051 1941 4105; x_wconf 84' lang='lat' dir='ltr'>vetustissi-</span> 
     </span>
     <span class='ocr_line' id='line_1_71' title="bbox 1110 4153 1942 4232; baseline -0.008 -17"><span class='ocrx_word' id='word_1_405' title='bbox 1110 4180 1158 4216; x_wconf 93' lang='lat' dir='ltr'>mo</span> <span class='ocrx_word' id='word_1_406' title='bbox 1183 4158 1287 4215; x_wconf 87' lang='lat' dir='ltr'>codice</span> <span class='ocrx_word' id='word_1_407' title='bbox 1305 4157 1449 4232; x_wconf 81' lang='lat' dir='ltr'>Augiensi</span> <span class='ocrx_word' id='word_1_408' title='bbox 1471 4157 1713 4230; x_wconf 90' lang='lat' dir='ltr'>conscriptorum</span> <span class='ocrx_word' id='word_1_409' title='bbox 1739 4167 1829 4227; x_wconf 91' lang='lat'>1771.</span> <span class='ocrx_word' id='word_1_410' title='bbox 1854 4153 1942 4228; x_wconf 89' lang='lat' dir='ltr'>Opus</span> 
     </span>
     <span class='ocr_line' id='line_1_72' title="bbox 1111 4255 1941 4337; baseline -0.008 -18"><span class='ocrx_word' id='word_1_411' title='bbox 1111 4264 1168 4319; x_wconf 90' lang='lat' dir='ltr'>hoc</span> <span class='ocrx_word' id='word_1_412' title='bbox 1186 4265 1284 4337; x_wconf 87' lang='lat' dir='ltr'>magni</span> <span class='ocrx_word' id='word_1_413' title='bbox 1301 4259 1415 4318; x_wconf 88' lang='lat' dir='ltr'>laboris</span> <span class='ocrx_word' id='word_1_414' title='bbox 1431 4272 1461 4316; x_wconf 87' lang='lat' dir='ltr'>et</span> <span class='ocrx_word' id='word_1_415' title='bbox 1477 4259 1631 4334; x_wconf 90' lang='lat' dir='ltr'>multiplici</span> <span class='ocrx_word' id='word_1_416' title='bbox 1653 4257 1822 4315; x_wconf 87' lang='lat' dir='ltr'>eruditione</span> <span class='ocrx_word' id='word_1_417' title='bbox 1845 4255 1941 4313; x_wconf 83' lang='lat' dir='ltr'>reler-</span> 
     </span>
     <span class='ocr_line' id='line_1_73' title="bbox 1111 4361 1942 4424; baseline -0.007 -2"><span class='ocrx_word' id='word_1_418' title='bbox 1111 4381 1172 4423; x_wconf 89' lang='lat' dir='ltr'>tum</span> <span class='ocrx_word' id='word_1_419' title='bbox 1198 4366 1320 4424; x_wconf 89' lang='lat' dir='ltr'>exhibet</span> <span class='ocrx_word' id='word_1_420' title='bbox 1344 4366 1588 4422; x_wconf 86' lang='lat' dir='ltr'>commentarium</span> <span class='ocrx_word' id='word_1_421' title='bbox 1611 4364 1785 4418; x_wconf 89' lang='lat' dir='ltr'>continuum</span> <span class='ocrx_word' id='word_1_422' title='bbox 1809 4363 1838 4417; x_wconf 93' lang='lat' dir='ltr'>in</span> <span class='ocrx_word' id='word_1_423' title='bbox 1862 4361 1942 4417; x_wconf 91' lang='lat' dir='ltr'>cele·</span> 
     </span>
     <span class='ocr_line' id='line_1_74' title="bbox 1110 4466 1943 4545; baseline -0.008 -17"><span class='ocrx_word' id='word_1_424' title='bbox 1110 4470 1227 4527; x_wconf 88' lang='lat' dir='ltr'>bratum</span> <span class='ocrx_word' id='word_1_425' title='bbox 1250 4471 1368 4545; x_wconf 85' lang='lat' dir='ltr'>Augiae</span> <span class='ocrx_word' id='word_1_426' title='bbox 1394 4470 1493 4525; x_wconf 76' lang='lat' dir='ltr'>divitis</span> <span class='ocrx_word' id='word_1_427' title='bbox 1517 4468 1739 4541; x_wconf 87' lang='lat' dir='ltr'>necrologium;</span> <span class='ocrx_word' id='word_1_428' title='bbox 1764 4466 1943 4522; x_wconf 78' lang='lat' dir='ltr'>adservatur</span> 
     </span>
     <span class='ocr_line' id='line_1_75' title="bbox 1111 4573 1544 4633; baseline -0.012 -1"><span class='ocrx_word' id='word_1_429' title='bbox 1111 4580 1139 4633; x_wconf 93' lang='lat' dir='ltr'>in</span> <span class='ocrx_word' id='word_1_430' title='bbox 1158 4576 1281 4632; x_wconf 82' lang='lat' dir='ltr'>archivo</span> <span class='ocrx_word' id='word_1_431' title='bbox 1299 4573 1544 4631; x_wconf 84' lang='lat' dir='ltr'>Caroloruhensi.</span> 
     </span>
    </p>

    <p class='ocr_par' dir='ltr' id='par_1_16' title="bbox 1111 4673 1943 5270">
     <span class='ocr_line' id='line_1_76' title="bbox 1197 4673 1942 4749; baseline -0.009 -14"><span class='ocrx_word' id='word_1_432' title='bbox 1197 4680 1248 4736; x_wconf 92' lang='lat' dir='ltr'>VI.</span> <span class='ocrx_word' id='word_1_433' title='bbox 1273 4679 1350 4734; x_wconf 86' lang='lat' dir='ltr'>Acta</span> <span class='ocrx_word' id='word_1_434' title='bbox 1371 4679 1522 4733; x_wconf 87' lang='lat' dir='ltr'>Murensia</span> <span class='ocrx_word' id='word_1_435' title='bbox 1546 4677 1683 4749; x_wconf 83' lang='lat' dir='ltr'>integrae</span> <span class='ocrx_word' id='word_1_436' title='bbox 1704 4673 1772 4730; x_wconf 81' lang='lat' dir='ltr'>srdei</span> <span class='ocrx_word' id='word_1_437' title='bbox 1794 4676 1942 4739; x_wconf 87' lang='lat' dir='ltr'>restituta,</span> 
     </span>
     <span class='ocr_line' id='line_1_77' title="bbox 1111 4778 1942 4857; baseline -0.012 -16"><span class='ocrx_word' id='word_1_438' title='bbox 1111 4787 1175 4841; x_wconf 86' lang='lat' dir='ltr'>sive</span> <span class='ocrx_word' id='word_1_439' title='bbox 1192 4797 1279 4857; x_wconf 86' lang='lat' dir='ltr'>gesta</span> <span class='ocrx_word' id='word_1_440' title='bbox 1293 4795 1322 4837; x_wconf 88' lang='lat' dir='ltr'>et</span> <span class='ocrx_word' id='word_1_441' title='bbox 1336 4780 1470 4837; x_wconf 84' lang='lat' dir='ltr'>fundatio</span> <span class='ocrx_word' id='word_1_442' title='bbox 1489 4779 1662 4835; x_wconf 89' lang='lat' dir='ltr'>monasterii</span> <span class='ocrx_word' id='word_1_443' title='bbox 1675 4778 1825 4833; x_wconf 86' lang='lat' dir='ltr'>lllurensis</span> <span class='ocrx_word' id='word_1_444' title='bbox 1838 4796 1854 4832; x_wconf 89' lang='lat' dir='ltr'>e</span> <span class='ocrx_word' id='word_1_445' title='bbox 1868 4778 1942 4832; x_wconf 89' lang='lat' dir='ltr'>scri·</span> 
     </span>
     <span class='ocr_line' id='line_1_78' title="bbox 1112 4880 1943 4958; baseline -0.01 -15"><span class='ocrx_word' id='word_1_446' title='bbox 1112 4890 1168 4943; x_wconf 86' lang='lat' dir='ltr'>niis</span> <span class='ocrx_word' id='word_1_447' title='bbox 1196 4887 1370 4942; x_wconf 89' lang='lat' dir='ltr'>monasterii</span> <span class='ocrx_word' id='word_1_448' title='bbox 1395 4883 1570 4958; x_wconf 83' lang='lat' dir='ltr'>Engelberg</span> <span class='ocrx_word' id='word_1_449' title='bbox 1595 4882 1713 4938; x_wconf 86' lang='lat' dir='ltr'>educta.</span> <span class='ocrx_word' id='word_1_450' title='bbox 1747 4895 1836 4955; x_wconf 92' lang='grc'>1773.</span> <span class='ocrx_word' id='word_1_451' title='bbox 1874 4880 1943 4935; x_wconf 92' lang='lat' dir='ltr'>Duo</span> 
     </span>
     <span class='ocr_line' id='line_1_79' title="bbox 1111 4985 1943 5067; baseline -0.01 -20"><span class='ocrx_word' id='word_1_452' title='bbox 1111 4992 1262 5048; x_wconf 79' lang='lat' dir='ltr'>volumina</span> <span class='ocrx_word' id='word_1_453' title='bbox 1274 4988 1315 5067; x_wconf 84' lang='lat' dir='ltr'>(in</span> <span class='ocrx_word' id='word_1_454' title='bbox 1329 4985 1422 5065; x_wconf 86' lang='lat' dir='ltr'>lolio),</span> <span class='ocrx_word' id='word_1_455' title='bbox 1440 5005 1567 5062; x_wconf 91' lang='lat' dir='ltr'>quorum</span> <span class='ocrx_word' id='word_1_456' title='bbox 1581 4988 1603 5042; x_wconf 93' lang='lat' dir='ltr'>l.</span> <span class='ocrx_word' id='word_1_457' title='bbox 1622 5001 1679 5060; x_wconf 91' lang='grc'>137</span> <span class='ocrx_word' id='word_1_458' title='bbox 1693 4987 1775 5052; x_wconf 84' lang='lat' dir='ltr'>lolia,</span> <span class='ocrx_word' id='word_1_459' title='bbox 1792 4988 1829 5043; x_wconf 92' lang='lat'>11.</span> <span class='ocrx_word' id='word_1_460' title='bbox 1843 4998 1943 5041; x_wconf 91' lang='lat' dir='ltr'>autem</span> 
     </span>
     <span class='ocr_line' id='line_1_80' title="bbox 1114 5088 1942 5170; baseline -0.008 -18"><span class='ocrx_word' id='word_1_461' title='bbox 1114 5109 1173 5167; x_wconf 91' lang='lat'>207</span> <span class='ocrx_word' id='word_1_462' title='bbox 1193 5113 1262 5170; x_wconf 86' lang='lat' dir='ltr'>pag.</span> <span class='ocrx_word' id='word_1_463' title='bbox 1277 5095 1419 5157; x_wconf 85' lang='lat' dir='ltr'>continet,</span> <span class='ocrx_word' id='word_1_464' title='bbox 1437 5105 1467 5147; x_wconf 91' lang='lat' dir='ltr'>et</span> <span class='ocrx_word' id='word_1_465' title='bbox 1479 5090 1677 5147; x_wconf 77' lang='lat' dir='ltr'>adservantur</span> <span class='ocrx_word' id='word_1_466' title='bbox 1689 5094 1718 5147; x_wconf 90' lang='lat' dir='ltr'>in</span> <span class='ocrx_word' id='word_1_467' title='bbox 1730 5091 1854 5147; x_wconf 86' lang='lat' dir='ltr'>archivo</span> <span class='ocrx_word' id='word_1_468' title='bbox 1865 5088 1942 5145; x_wconf 88' lang='lat' dir='ltr'>San·</span> 
     </span>
     <span class='ocr_line' id='line_1_81' title="bbox 1113 5196 1386 5270; baseline -0.011 -15"><span class='ocrx_word' id='word_1_469' title='bbox 1113 5199 1245 5255; x_wconf 90' lang='lat' dir='ltr'>Paulano</span> <span class='ocrx_word' id='word_1_470' title='bbox 1262 5199 1318 5254; x_wconf 93' lang='lat' dir='ltr'>No.</span> <span class='ocrx_word' id='word_1_471' title='bbox 1338 5196 1386 5270; x_wconf 82' lang='lat'>76.</span> 
     </span>
    </p>

    <p class='ocr_par' dir='ltr' id='par_1_17' title="bbox 1199 5296 1942 5358">
     <span class='ocr_line' id='line_1_82' title="bbox 1199 5296 1942 5358; baseline -0.009 0"><span class='ocrx_word' id='word_1_472' title='bbox 1199 5302 1264 5358; x_wconf 94' lang='lat' dir='ltr'>Vll.</span> <span class='ocrx_word' id='word_1_473' title='bbox 1279 5301 1375 5358; x_wconf 88' lang='lat' dir='ltr'>Gesta</span> <span class='ocrx_word' id='word_1_474' title='bbox 1387 5313 1417 5357; x_wconf 90' lang='lat' dir='ltr'>et</span> <span class='ocrx_word' id='word_1_475' title='bbox 1426 5299 1560 5356; x_wconf 80' lang='lat' dir='ltr'>fundatio</span> <span class='ocrx_word' id='word_1_476' title='bbox 1571 5298 1746 5355; x_wconf 89' lang='lat' dir='ltr'>monasterii</span> <span class='ocrx_word' id='word_1_477' title='bbox 1755 5296 1903 5352; x_wconf 87' lang='lat' dir='ltr'>Murensis</span> <span class='ocrx_word' id='word_1_478' title='bbox 1913 5299 1942 5352; x_wconf 91' lang='lat' dir='ltr'>in</span> 
     </span>
    </p>
   </div>
   <div class='ocr_carea' id='block_1_11' title="bbox 200 5399 1943 5488">
    <p class='ocr_par' dir='ltr' id='par_1_18' title="bbox 200 5392 1943 5488">
     <span class='ocr_line' id='line_1_83' title="bbox 200 5399 1943 5488; baseline -0.009 -18"><span class='ocrx_word' id='word_1_479' title='bbox 200 5420 254 5470; x_wconf 88' lang='lat' dir='ltr'>ter</span> <span class='ocrx_word' id='word_1_480' title='bbox 272 5419 481 5488; x_wconf 87' lang='lat' dir='ltr'>exceperat,</span> <span class='ocrx_word' id='word_1_481' title='bbox 504 5407 647 5470; x_wconf 90' lang='lat' dir='ltr'>nimium</span> <span class='ocrx_word' id='word_1_482' title='bbox 665 5407 870 5488; x_wconf 85' lang='lat' dir='ltr'>frequenter</span> <span class='ocrx_word' id='word_1_483' title='bbox 885 5404 1031 5468; x_wconf 72' lang='lat' dir='ltr'>invisus,</span> <span class='ocrx_word' id='word_1_484' title='bbox 1070 5414 1074 5479; x_wconf 83' lang='lat' dir='ltr'>l</span> <span class='ocrx_word' id='word_1_485' title='bbox 1114 5425 1195 5483; x_wconf 86' lang='lat' dir='ltr'>pago</span> <span class='ocrx_word' id='word_1_486' title='bbox 1212 5407 1345 5481; x_wconf 83' lang='lat' dir='ltr'>Argowe</span> <span class='ocrx_word' id='word_1_487' title='bbox 1361 5424 1379 5461; x_wconf 90' lang='lat' dir='ltr'>a</span> <span class='ocrx_word' id='word_1_488' title='bbox 1395 5402 1555 5461; x_wconf 92' lang='lat' dir='ltr'>comitibus</span> <span class='ocrx_word' id='word_1_489' title='bbox 1568 5399 1856 5459; x_wconf 85' lang='lat' dir='ltr'>Vindonissensibus</span> <span class='ocrx_word' id='word_1_490' title='bbox 1869 5420 1943 5456; x_wconf 90' lang='lat' dir='ltr'>nun·</span> 
     </span>
    </p>
   </div>
   <div class='ocr_carea' id='block_1_12' title="bbox 0 0 2140 6112">
    <p class='ocr_par' dir='ltr' id='par_1_19' title="bbox 0 0 2140 6112">
     <span class='ocr_line' id='line_1_84' title="bbox 0 0 2140 6112; baseline 0 0"><span class='ocrx_word' id='word_1_491' title='bbox 0 0 2140 6112; x_wconf 95' lang='lat' dir='ltr'> </span> 
     </span>
    </p>
   </div>
  </div>
 </body>
</html>
