4222 6106
930 489 1161 551 ——LII—

187 706 233 765 ad
252 725 279 766 s.
296 707 481 789 Petrum1),
504 709 538 769 in
555 729 624 790 qua
645 709 856 790 scriptorum
872 712 1060 773 latinorum
1077 732 1263 793 rerumque
1279 713 1608 775 mathematicarum
1625 713 1744 776 studia
1761 733 1920 776 assume·

187 843 326 924 bantur,
350 865 438 926 quas
461 846 633 910 Alcuinus
657 847 780 910 scribit
803 848 941 911 Arnoni
964 850 1185 912 necessarias
1209 869 1287 911 esse
1316 850 1362 911 ad
1386 849 1559 912 rationem
1584 851 1773 932 mysticam
1797 871 1920 914 nume·

185 999 302 1042 rorum
325 983 361 1044 in
384 983 511 1045 divinis
534 985 660 1047 litteris
683 986 749 1047 rite
773 985 1040 1070 intelligendam
1056 989 1089 1070 2).
1128 987 1261 1070 Magna
1284 1007 1363 1050 cum
1386 988 1491 1049 laude
1517 987 1681 1069 discipuli
1698 991 1745 1051 ab
1763 989 1919 1053 Alcuino

186 1117 283 1179 missi
306 1121 457 1183 docendi
480 1142 622 1186 munere
645 1124 934 1207 fungebanturs).

315 1258 428 1320 Etiam
452 1260 496 1322 de
519 1280 680 1325 sermone
704 1263 889 1344 epistolico
917 1275 1024 1347 atque
1047 1264 1180 1326 forensi
1204 1272 1399 1345 praecepta
1422 1265 1658 1326 tradebantur
1686 1275 1797 1346 atque
1827 1267 1920 1343 haec

185 1410 316 1472 magna
338 1415 421 1476 pars
444 1409 519 1460 erat
542 1399 782 1464 institutionis.
822 1403 862 1465 ln
885 1413 1044 1465 veterum
1067 1411 1254 1484 poetarum
1278 1411 1314 1464 et
1337 1401 1557 1464 ethnicorum
1581 1411 1617 1464 et
1641 1402 1919 1466 christianorum

184 1529 326 1611 scriptis
349 1533 528 1598 imitandis
551 1549 720 1620 quantum
744 1540 942 1620 profectum
966 1540 1021 1622 sit,
1046 1539 1198 1602 maxime
1221 1538 1431 1621 intelligitur
1447 1558 1493 1600 ex
1509 1539 1615 1621 nugis
1636 1540 1801 1621 poeticis,
1826 1560 1920 1622 quae

184 1676 338 1752 exstant,
363 1675 495 1737 saeculi
517 1677 599 1739 noni
615 1680 648 1759 ⁴).

313 1808 447 1895 Magna
470 1815 613 1878 scholae
636 1815 903 1878 monasteriales
927 1825 1142 1896 acceperunt
1165 1815 1392 1894 incrementa,
1422 1833 1501 1875 cum
1525 1833 1572 1875 ex
1597 1816 1744 1878 decreto
1768 1815 1919 1879 Concilii

184 1941 488 2031 Aquisgranensis
512 1958 571 2032 817
598 1953 806 2034 disciplinae
831 1973 938 2017 causa
962 1953 1204 2016 dividerentur
1236 1953 1272 2014 in
1296 1951 1491 2015 exteriores
1514 1952 1636 2034 pueris
1658 1953 1773 2035 laiciS,
1804 1965 1841 2016 et
1869 1955 1920 2017 in·

185 2083 335 2149 teriores
352 2091 471 2170 pueris
488 2092 617 2154 oblatis
634 2091 840 2155 destinatas.
871 2091 918 2152 Hi
941 2091 976 2153 in
1001 2091 1157 2170 capitulo
1174 2089 1303 2152 erudiri
1319 2089 1413 2151 soliti
1429 2089 1752 2172 magistrorumque
1768 2111 1919 2154 severae

184 2226 368 2296 custodiae
392 2230 562 2311 subditis)
591 2250 661 2293 non
685 2232 796 2293 solum
819 2231 944 2292 habitu
967 2229 1171 2311 vestituque
1195 2228 1445 2291 monachorum
1470 2228 1628 2310 speciem
1651 2249 1738 2311 prae
1762 2249 1802 2291 se
1826 2229 1919 2293 fere·

185 2364 280 2444 bant,
306 2369 491 2432 sedetiam
508 2370 613 2431 rebus
630 2369 759 2431 divinis
775 2369 991 2451 peragendis
1007 2379 1115 2450 atque
1132 2368 1167 2431 in
1184 2368 1290 2431 choro
1308 2368 1435 2428 adesse
1453 2367 1644 2430 debebant.
1677 2366 1918 2447 Quamobrem

185 2508 434 2569 monachorum
468 2528 612 2570 numero
646 2510 883 2589 habebantur,
922 2507 1064 2570 nomina
1095 2517 1311 2569 mortuorum
1346 2505 1382 2566 in
1417 2504 1621 2586 necrologia
1659 2504 1918 2587 referebantur,

184 2660 310 2723 preces
339 2654 445 2727 atque
472 2647 601 2709 missae
634 2645 807 2708 sacrificia
834 2646 1131 2726 persolvebantur
1145 2642 1179 2724 6).
1219 2642 1416 2706 Exterioris
1448 2642 1589 2703 scholae
1621 2642 1812 2723 disciplina
1843 2643 1919 2706 fere

186 2782 310 2844 eadem
334 2795 419 2866 erat,
445 2806 534 2867 quae
558 2785 744 2865 interioris,
777 2804 855 2847 cum
883 2784 918 2846 in
941 2783 1038 2845 vitae
1065 2781 1254 2865 religiosae
1282 2781 1504 2843 institutione
1535 2781 1689 2843 maxime
1721 2781 1792 2844 sita
1821 2795 1919 2845 esset

187 2921 299 2985 omnis
323 2924 498 2987 educatio.
529 2923 693 2986 Vestitus
716 2921 976 2985 monasterialis
1000 2923 1133 2982 aberat.

313 3062 392 3124 Non
415 3072 535 3144 potest
557 3081 623 3143 pro
647 3071 744 3124 certo
768 3060 945 3141 affirmari,
974 3080 1056 3121 num
1081 3060 1224 3120 decreta
1248 3058 1386 3120 concilii
1411 3058 1717 3140 Aquisgranensis
1740 3061 1919 3125 valuerint

185 3199 290 3263 etiam
319 3201 354 3262 in
385 3200 529 3281 scholi5‚
562 3219 653 3281 quae
686 3209 787 3262 erant
815 3197 1007 3261 Lunaelaci
1023 3200 1056 3277 ⁷),
1089 3195 1328 3277 Cremifani8),
1361 3197 1504 3259 Indicae
1519 3201 1554 3277 ⁹),
1587 3196 1730 3279 Augiae
1759 3198 1918 3280 Maioris,

314 3394 334 3474 ¹)
358 3397 470 3462 Friess,
495 3394 620 3452 Studien
643 3394 661 3449 l.
687 3414 712 3450 c.
738 3393 761 3448 1.

312 3507 334 3585 ²)
358 3507 530 3582 Zeissberg‚
554 3505 707 3563 Vorleben
730 3505 784 3560 des
808 3502 1005 3561 Erzbischols
1028 3504 1108 3559 Arns
1131 3522 1192 3559 von
1215 3501 1373 3576 Salzburg.

311 3620 334 3699 ³)
358 3621 391 3676 In
415 3619 492 3676 libro
517 3619 792 3676 confoederationis
816 3637 841 3675 s.
866 3619 944 3674 Petri
969 3618 998 3673 hi
1022 3617 1159 3693 discipuli
1184 3616 1301 3672 Alcuini
1325 3617 1532 3672 nominantur:
1564 3615 1669 3672 Wizzo
1695 3617 1743 3673 vel
1765 3617 1918 3675 Candidus

184 3729 371 3812 (Perniried)‚
396 3730 588 3795 Adalbertus‚
613 3731 672 3786 alii.

237 3851 242 3860 '
312 3843 335 3921 ⁴)
359 3843 523 3907 Dlimmler‚
548 3843 688 3916 Beitrage
704 3861 756 3897 zur
772 3840 956 3898 Geschichte
973 3840 1027 3896 des
1044 3839 1251 3896 Erzbisthums
1268 3838 1418 3914 Salzburg
1434 3843 1471 3896 im
1489 3841 1541 3896 lx.
1558 3839 1606 3896 bis
1623 3841 1691 3896 XII.
1707 3841 1919 3916 Jahrhuudert.

313 3954 336 4033 ⁵)
359 3954 526 4030 Disciplina
549 3968 614 4011 erat
630 3930 821 4010 severissima
843 3955 1013 4028 multusque
1029 3955 1058 4009 in
1075 3955 1177 4028 pueris
1194 3952 1357 4009 educandis
1381 3950 1478 4008 baculi
1497 3972 1578 4009 usus.
1611 3953 1644 4008 ln
1660 3951 1781 4027 legibus
1798 3955 1920 4011 Cluuia·

186 4070 317 4124 censium
334 4065 508 4144 (d’Achery‚
525 4065 721 4143 Spicilegium
738 4063 769 4144 4)
793 4068 836 4123 sic
852 4079 993 4122 statutum
1011 4080 1092 4122 erat:
1117 4067 1202 4141 pueri
1230 4067 1277 4135 „in
1301 4065 1366 4121 sola
1390 4067 1512 4121 camisia
1533 4065 1699 4121 caeduntur
1714 4067 1764 4122 vel
1780 4085 1798 4122 a
1815 4067 1920 4124 Priore

184 4179 232 4236 vel
256 4198 274 4235 a
298 4181 444 4253 magistro
468 4197 570 4234 eorum
594 4181 688 4253 virgis
711 4180 847 4235 vimineis
871 4176 987 4233 lenibus
1011 4191 1041 4233 et
1064 4175 1210 4233 teretibus
1233 4178 1270 4233 ad
1293 4178 1350 4233 hoc
1372 4180 1534 4252 provisis“.
1566 4177 1599 4232 ln
1620 4178 1725 4251 glossa
1747 4177 1785 4234 ad
1806 4197 1872 4254 reg.
1897 4198 1920 4235 s

184 4291 336 4348 Benedicti
361 4288 447 4369 (Cod.
472 4292 530 4366 pal.
548 4291 717 4349 Vindobon.
742 4292 797 4347 Nu.
824 4287 918 4368 2968)
942 4290 1017 4346 haec
1040 4304 1124 4346 sunt:
1153 4289 1228 4361 „Ain
1244 4289 1415 4364 yedleiches
1439 4290 1514 4345 alter
1538 4289 1612 4345 oder
1628 4291 1860 4347 versteutichait
1875 4291 1921 4347 sol

185 4407 209 4461 ir
232 4407 319 4479 aigen
344 4422 424 4459 mass
448 4403 555 4470 haben,
580 4403 638 4459 und
656 4400 780 4459 ‹larumb
797 4403 841 4458 als
857 4402 901 4458 ost
916 4401 965 4457 die
981 4400 1087 4457 kinder
1111 4401 1184 4457 oder
1200 4401 1249 4457 die
1265 4403 1371 4475 iunges
1386 4402 1464 4456 seint
1483 4419 1528 4455 am
1546 4401 1631 4467 citer,
1649 4401 1724 4456 oder
1743 4401 1791 4456 die
1808 4402 1922 4458 minder

185 4534 310 4589 muegen
324 4528 454 4580 versum,
468 4517 524 4570 wie
540 4533 630 4588 gross
646 4515 693 4571 die
710 4515 779 4589 pein
795 4513 849 4569 der
864 4514 1118 4586 vermainsagung
1135 4531 1223 4586 mueg
1238 4514 1312 4578 sein,
1330 4512 1435 4578 solich,
1454 4531 1539 4567 wenn
1556 4514 1600 4568 sie
1617 4530 1719 4568 muecz
1737 4526 1810 4569 tuen
1827 4514 1921 4570 sullen

183 4628 372 4702 geschestigt
382 4625 512 4695 werden,
523 4629 575 4683 mit
584 4645 722 4701 grossem
729 4640 834 4682 vasten
846 4625 920 4681 oder
932 4639 1073 4699 twungen
1083 4625 1204 4680 werden
1218 4624 1382 4680 mitharten
1395 4624 1510 4698 siegen,
1520 4625 1574 4679 daz
1587 4627 1631 4680 sie
1643 4625 1758 4698 geheilt
1768 4626 1918 4683 werden.‘·'

315 4735 338 4816 6)
363 4740 462 4812 Hagn‚
487 4738 614 4794 Wirken
638 4737 692 4794 der
716 4735 1032 4793 Benedictiner·Abtei
1059 4738 1310 4792 Kremsmiinster.

315 4850 337 4929 7)
360 4851 525 4908 Lunaelaci
549 4851 682 4907 scholam
707 4849 800 4906 luisse
824 4868 861 4905 eo
886 4848 1009 4923 probari
1033 4848 1165 4915 videtur,
1191 4849 1271 4924 quod
1296 4850 1382 4922 primi
1408 4847 1545 4903 monachi
1570 4867 1587 4903 e
1612 4850 1796 4905 monasterio
1821 4851 1921 4906 Cassi·

187 4965 271 5019 nensi
297 4978 383 5020 erant
406 4965 504 5020 acciti.

315 5070 337 5154 8)
370 5073 510 5132 Scholam
543 5074 796 5131 Cremilanensem
825 5072 1054 5146 Carolingorum
1088 5085 1186 5128 aetate
1220 5073 1276 5126 iam
1306 5073 1458 5127 exstitisse
1485 5071 1590 5126 volunt
1621 5070 1753 5146 probare
1784 5090 1823 5128 ex
1854 5072 1920 5128 loco

191 5183 344 5242 Meibomii
363 5189 508 5262 scriptor.
534 5170 592 5244 rer.
616 5187 689 5244 Ger.
714 5185 776 5251 111..
803 5187 852 5260 qui
877 5186 907 5240 in
930 5184 1093 5258 diplomate
1118 5183 1300 5239 fundationis
1323 5202 1384 5239 non
1409 5185 1565 5239 invenitur.

314 5297 337 5376 9)
360 5300 419 5356 Pro
443 5300 547 5356 schola
571 5299 740 5356 Innichensi
769 5297 796 5352 id
820 5296 917 5353 afferri
943 5316 1036 5372 posse
1059 5296 1194 5362 videtur,
1227 5296 1309 5370 quod
1333 5294 1428 5351 abbas
1452 5293 1565 5361 Arib0,
1598 5296 1643 5350 vir
1675 5294 1870 5352 doctissimus
1905 5314 1921 5351 e

187 5414 371 5467 monasterio
398 5411 608 5468 Scharnicensi
632 5412 796 5466 monachos
819 5412 938 5466 accivit.
