4222 6106
654 476 932 549 ,,,,.,

71 681 154 724 unes
171 681 308 725 summo
323 665 456 726 honore
472 664 624 744 habituS,
642 683 749 744 quum

71 789 115 847 332
142 785 302 866 quintum
326 786 574 867 praefecturae
599 786 749 849 lustrum

71 907 318 989 explevisset,
335 909 492 990 undique
509 909 542 970 ei
559 917 748 990 congratu-

71 1037 103 1092 st.
120 1027 282 1091 Eundem
295 1049 316 1091 a
326 1030 523 1099 litterarum
533 1050 652 1092 amore
663 1049 749 1092 nun·

71 1151 245 1233 {cessisse
262 1152 430 1215 indicium
448 1164 513 1234 est,
527 1154 621 1234 quod
638 1155 682 1213 ad
699 1151 749 1213 ul·

71 1293 181 1354 usque
204 1274 315 1337 vitam
338 1275 457 1356 libros
483 1275 542 1357 qui
566 1283 749 1355 praestan-

71 1397 275 1478 ederentur,
302 1417 372 1460 non
393 1398 505 1460 solum
531 1397 751 1479 comparavit

72 1537 106 1581 m
121 1518 213 1602 legit
234 1531 271 1582 et
291 1520 430 1602 relegit,
453 1522 534 1582 dum
555 1519 634 1582 visu
654 1519 750 1581 vale·

71 1660 95 1703 11
107 1660 194 1705 vero
210 1652 359 1724 propter
375 1643 555 1705 oculorum
572 1641 750 1704 defectum

71 1791 73 1815 ι
89 1761 206 1844 impar
217 1773 323 1847 esset,
339 1766 406 1827 hoc
420 1766 559 1845 malum,
576 1764 660 1826 licet
672 1784 750 1846 gra-

71 1904 117 1967 m,
143 1884 261 1947 animo
286 1897 357 1949 tam
381 1906 496 1968 aequo
519 1886 616 1968 tulit,
643 1895 681 1948 ut
706 1905 750 1948 ne

91 2006 234 2088 quidem
259 2009 303 2070 de
320 2027 362 2070 eo
379 2018 594 2090 conquestus
615 2009 671 2071 sit.
695 2009 750 2071 In-

71 2128 110 2192 h'e
138 2133 167 2193 5.
197 2127 275 2193 Oct.
309 2134 406 2211 1833,
435 2131 751 2212 quinquagesimus

71 2251 272 2315 riversarius
282 2253 470 2315 sacerdotii
483 2254 537 2315 sui
551 2253 667 2334 rediit,
681 2271 751 2334 quo

71 2394 85 2436 1
101 2373 179 2457 ipse
196 2384 344 2455 propter
359 2375 546 2458 caliginem
571 2376 749 2437 oculorum

71 2495 140 2559 bite
156 2516 226 2559 non
244 2506 377 2579 posset,
397 2517 532 2559 summa
549 2518 627 2560 cum
645 2499 751 2560 devo·

71 2615 209 2680 ‚crificio
222 2617 351 2680 missae
364 2620 457 2681 hunc
471 2618 505 2680 in
512 2617 619 2680 finem
631 2621 677 2681 ab
690 2621 751 2681 ab·

71 2738 228 2802 lebratae
254 2739 415 2803 interfuit
441 2752 477 2804 et
500 2760 602 2803 sacra
623 2741 750 2823 synaxi

71 2860 256 2925 tNestoris
276 2882 387 2925 annos
408 2863 518 2926 aetati
543 2883 628 2926 suae
651 2863 750 2926 addi·

71 2982 243 3048 idebatur.
272 2984 340 3048 Die
364 3005 448 3047 vero
477 2991 526 3049 28.
552 2988 640 3067 Apr.
670 2992 749 3066 1834

71 3104 139 3168 bitu
156 3125 304 3189 surgere
316 3107 434 3188 vellet,
447 3109 648 3171 vehementi
660 3109 749 3171 tussi

71 3226 191 3290 afebri
204 3228 436 3309 praepeditus
450 3229 506 3292 die
521 3251 549 3293 2.
558 3230 645 3292 Maii
658 3230 749 3293 eius·

71 3348 98 3410 ni
113 3350 202 3411 hora
217 3361 302 3431 post
323 3351 505 3413 meridiem
526 3354 682 3415 secunda
703 3353 748 3415 si·

74 3469 245 3553 orrigenti
265 3473 445 3554 poculum,
469 3494 576 3555 quum
598 3474 748 3536 bibisset

73 3591 100 3673 “‚
116 3592 240 3674 inquit,
265 3594 407 3674 „amici“
433 3605 469 3658 et
484 3616 568 3658 mox
585 3597 660 3659 sine
676 3598 748 3659 ullo

71 3713 218 3797 piritum
235 3718 386 3779 creatori
403 3718 569 3782 reddidit.

71 3837 117 3918 ais
133 3837 259 3900 edidit:

71 3964 276 4040 eruhigungen
286 3965 364 4022 beim
375 3965 554 4023 Ausbruche
567 3967 620 4025 des
634 3987 747 4043 gegen·

79 4068 220 4144 Krieges.
242 4065 368 4146 (Concio
390 4070 427 4127 ad
449 4071 615 4146 placandos
631 4075 747 4129 animos

71 4189 78 4227 1
93 4189 172 4229 anno
189 4170 291 4251 1799.)
309 4174 384 4231 Eine
397 4174 531 4250 Predigt‚
544 4174 684 4250 gehalten
697 4177 745 4233 bei

71 4279 115 4333 eit
131 4277 185 4333 des
201 4280 327 4334 zweiten
343 4279 538 4349 Dankfestes‚
561 4280 631 4336 dass
653 4280 745 4338 durch

71 4380 157 4439 aboth
174 4380 228 4438 das
237 4382 400 4440 Vaterland
414 4385 453 4439 ist
466 4398 596 4458 gerettet
610 4385 744 4442 worden.

82 4498 175 4559 1799,
192 4488 273 4561 typis
290 4486 409 4543 Antonii
429 4487 556 4544 Pichler.

71 4589 123 4646 Die
143 4589 288 4647 Pssichten
309 4591 362 4648 des
384 4593 542 4649 Priesters.
568 4589 596 4668 (i.
615 4612 640 4649 e.
659 4583 745 4663 Quae

79 4695 140 4750 sint
151 4693 353 4764 observanda,
364 4697 578 4772 quomodoque
591 4715 625 4754 se
637 4695 745 4776 gerat.)

71 4800 231 4856 iermanica
259 4817 295 4856 ex
321 4799 462 4857 idiomate
491 4802 744 4877 Franco-gallico

71 4901 177 4978 :geben
194 4921 254 4960 von
269 4904 433 4981 Christoph
449 4906 571 4980 Bengel.
593 4921 603 4961 1
624 4907 683 4962 vol.
702 4905 744 4963 8⁰.

80 5004 171 5081 1782,
189 5010 269 5084 typis
285 5007 506 5066 Sonnleithner.

85 5111 149 5168 Des
180 5111 281 5168 Herm
307 5111 386 5170 Ahts
414 5113 527 5169 Racine
559 5114 744 5188 Kirchenge·

71 5212 101 5294 (i.
115 5233 143 5273 e.
156 5216 310 5274 Historiae
323 5217 551 5274 ecclesiasticae
565 5218 677 5274 Racine
690 5217 744 5274 ab·

71 5316 195 5396 inguam
213 5319 423 5378 Germanicam
440 5319 564 5400 versio.)
588 5322 671 5378 Nach
691 5321 745 5378 der

74 5425 96 5482 it
119 5427 241 5501 einigen
261 5426 496 5500 Anmerkungen
518 5427 577 5482 und
598 5429 745 5483 Zusatzen

829 668 1019 724 vermehrten
1035 666 1190 743 Ausgabe.
1214 684 1254 726 20
1267 669 1327 726 vol.
1344 667 1387 726 8⁰.
1410 686 1436 726 1.
1452 670 1498 727 ed.
1515 670 1659 735 Viennae,

834 771 924 845 1783,
945 771 1023 848 apud
1041 774 1182 829 Ioannem
1200 774 1297 829 David
1315 774 1452 849 Hdrling‚
1475 776 1658 851 typograph.

829 891 859 948 3.
876 877 923 933 ed.
945 877 1112 951 1790-96
1129 877 1201 935 ibid.

915 1040 1008 1115 Lidl
1031 1053 1315 1136 Ildephonsus
1340 1055 1373 1133 (a
1395 1073 1421 1116 s.
1443 1055 1568 1117 Petro
1591 1055 1659 1120 Sa-

829 1169 1036 1254 lisburgi),
1058 1171 1186 1256 Styrus
1209 1193 1254 1237 ex
1270 1174 1530 1256 Rottenmann,
1555 1186 1659 1239 natus

835 1312 881 1372 17.
899 1295 986 1375 Apr.
1008 1299 1098 1375 1736,
1115 1295 1271 1359 novitius
1288 1301 1338 1361 28.
1356 1298 1450 1379 Aug.
1473 1302 1563 1378 1755,
1586 1319 1659 1360 mo-

830 1418 963 1479 nachus
980 1416 1162 1499 professus
1180 1439 1230 1496 29.
1249 1419 1343 1502 Aug.
1365 1424 1456 1500 1756,
1473 1430 1659 1503 neomysta

832 1559 881 1600 22.
899 1540 987 1620 Apr.
1006 1543 1095 1619 1759.
1112 1539 1238 1604 Finitis
1255 1542 1381 1605 studiis
1397 1542 1607 1624 theologicis
1624 1551 1659 1604 et

830 1659 987 1723 iuridicis
1000 1682 1045 1724 ex
1058 1672 1209 1745 utroque
1223 1663 1297 1727 iure
1310 1665 1532 1728 examinatus
1546 1674 1581 1727 et
1593 1684 1658 1746 pro

831 1801 996 1863 suprema
1022 1784 1143 1846 laurea
1171 1788 1392 1867 approbatus
1419 1786 1517 1849 varia
1542 1785 1659 1849 officia

831 1912 905 1965 turn
922 1905 1127 1988 domestica,
1144 1907 1194 1970 uti
1208 1910 1416 1971 catechetae
1433 1918 1469 1971 et
1485 1908 1657 1990 praefecti

831 2028 974 2090 scholae
999 2029 1226 2112 domesticae,
1254 2031 1457 2113 repetitoris
1485 2032 1657 2094 iuniorum

831 2147 866 2210 in
883 2148 958 2212 iure
974 2160 1135 2232 utroque,
1158 2162 1232 2215 tum
1250 2162 1398 2216 externa
1419 2155 1470 2216 uti
1491 2174 1659 2236 coopera-

831 2269 917 2333 toris
945 2271 980 2333 in
1007 2274 1190 2354 Abtenau,
1219 2274 1431 2356 professoris
1458 2276 1659 2358 theologiae
1725 2360 1727 2365 ³

832 2393 1017 2456 domestici
1042 2396 1077 2457 in
1101 2397 1323 2460 monasteriis
1340 2399 1385 2460 ad
1404 2417 1431 2460 s.
1448 2398 1659 2462 Michaelem

831 2512 949 2578 Burae
970 2526 1006 2579 et
1026 2519 1071 2579 ad
1088 2517 1246 2582 s.Vitum
1264 2521 1297 2582 in
1314 2520 1469 2583 Bavaria
1485 2531 1521 2584 et
1536 2521 1659 2586 vicarii

831 2638 1022 2717 parochiae
1042 2639 1078 2702 in
1093 2640 1286 2704 Dornbach
1310 2642 1429 2705 subire
1453 2641 1568 2707 iussus
1592 2655 1657 2708 est.

831 2759 937 2822 Anno
958 2765 1041 2856 1778Ι
1061 2765 1089 2823 6.
1108 2759 1207 2843 Sept.
1229 2783 1394 2845 suprema
1414 2784 1440 2828 s.
1456 2765 1657 2848 theologiae

829 2881 950 2944 laurea
967 2883 1154 2946 decoratus
1179 2903 1243 2966 per
1268 2889 1287 2946 (1
1308 2905 1420 2948 annos
1440 2888 1656 2971 theologiam

829 3004 997 3066 moralem
1014 3015 1050 3068 et
1066 3007 1280 3087 pastoralem
1297 3007 1331 3070 in
1345 3008 1438 3070 univ.
1453 3006 1580 3072 Salisb.
1595 3012 1655 3073 do-

829 3124 911 3187 cuit.
936 3122 1034 3188 Obiit
1052 3145 1079 3189 2.
1097 3127 1159 3189 Iul.
1181 3132 1271 3190 1808.
1297 3127 1463 3211 Scripsit:

915 3269 937 3325 l.
958 3268 1059 3343 Frage
1080 3269 1120 3326 ob
1141 3270 1195 3327 der
1210 3271 1424 3329 Mdnchsstand
1443 3273 1518 3330 Gott
1533 3275 1657 3350 gefallig

829 3373 887 3428 und
905 3372 959 3428 der
975 3373 1057 3430 Welt
1073 3375 1201 3431 nfitzlich
1218 3373 1281 3432 sei?
1304 3378 1358 3433 Mit
1374 3379 1470 3434 einem
1487 3379 1606 3435 sichern
1620 3380 1656 3456 Ja

828 3474 1028 3534 beantwortet
1053 3479 1146 3536 wider
1173 3479 1221 3535 die
1249 3479 1394 3536 lieblosen
1418 3481 1654 3539 Mdnchsfeinde.

828 3576 858 3657 (1.
875 3598 901 3638 e.
918 3580 1013 3637 Estne
1029 3582 1109 3638 utilis
1127 3597 1223 3639 status
1238 3584 1399 3659 religiosus
1416 3586 1525 3642 mundo
1533 3583 1557 3665 ?)
1583 3584 1655 3643 Sine

828 3687 896 3742 loco
913 3699 943 3742 et
959 3688 1077 3743 nomine
1098 3700 1187 3761 1771.
1205 3688 1247 3746 80.
1266 3703 1326 3762 259
1345 3709 1374 3765 p.

913 3809 950 3865 II.
969 3809 1113 3866 Doctrina
1130 3811 1251 3867 moralis
1264 3812 1301 3868 de
1314 3814 1503 3869 restitutione
1517 3812 1655 3889 publicae

828 3914 1035 3969 exercitationi
1056 3916 1205 3989 exposita.
1229 3913 1415 3991 Salisburgi,
1440 3918 1534 3991 Mayr.
1564 3932 1654 3992 1779.

827 4022 871 4089 40.
890 4015 908 4073 8
927 4035 956 4092 p.

913 4121 965 4177 ΙΙΙ.
982 4120 1177 4179 Assertiones
1194 4123 1526 4199 theologico-morales
1548 4126 1585 4183 de
1604 4146 1655 4184 ac·

826 4237 906 4280 tuum
923 4225 1117 4282 humanorum
1134 4240 1239 4283 natura
1252 4245 1418 4303 eorumque
1433 4231 1476 4285 in·
1490 4244 1519 4287 et
1532 4246 1655 4288 externa

826 4329 940 4404 regula.
958 4327 1032 4386 lbid.
1054 4343 1143 4404 1779.
1162 4338 1205 4403 4⁰.
1230 4346 1264 4388 12
1283 4350 1312 4406 p.

911 4452 962 4508 IV.
980 4451 1172 4509 Trauerrede
1195 4453 1249 4509 auf
1267 4452 1430 4522 Antonius,
1455 4453 1517 4511 Abt
1540 4476 1575 4511 zu
1599 4458 1654 4513 hfi-

825 4554 1026 4612 chaelbaiern.
1044 4553 1169 4634 (Concio
1184 4555 1339 4636 funebris.)
1356 4557 1514 4634 Salzburg,
1529 4561 1653 4617 Prodin·

825 4679 890 4736 ger.
913 4660 1002 4735 1783.
1019 4661 1085 4717 Fol.
1108 4677 1143 4734 19
1162 4680 1189 4737 p.
1253 4693 1255 4697 ·

911 4783 947 4840 V.
983 4781 1251 4858 Wunderspriiche
1287 4802 1409 4840 unserer
1445 4784 1654 4859 ausgeklarten

826 4889 939 4943 Zeiten.
967 4882 997 4963 (i.
1020 4905 1045 4944 e.
1070 4887 1180 4944 Edicta
1204 4888 1384 4944 miraculosa
1408 4888 1540 4945 moderni
1565 4889 1653 4968 aevi.)

826 4990 984 5048 Gedruckt
1004 4993 1056 5046 mit
1072 4990 1379 5067 presssreiheitlichen
1395 4990 1555 5049 Schriften.
1580 4991 1652 5049 Sine

825 5097 943 5152 nomine
960 5108 990 5151 et
1005 5095 1083 5152 loc0.
1110 5095 1199 5169 1783.
1218 5094 1262 5152 8⁰.
1279 5094 1321 5168 38
1338 5115 1366 5171 p.

910 5218 962 5275 Vl.
985 5217 1069 5274 Lob·
1090 5217 1148 5273 und
1166 5215 1337 5275 Sittenrede
1361 5237 1407 5275 am
1430 5219 1574 5294 Festtage
1599 5220 1652 5277 des

820 5322 863 5379 hl.
880 5322 1039 5396 Augustin,
1062 5322 1321 5379 Kirehenlehrers.
1342 5319 1372 5399 (i.
1389 5341 1416 5379 e.
1433 5323 1550 5379 Concio
1570 5323 1653 5380 festi·

825 5429 900 5484 valis
914 5429 943 5482 in
955 5427 1100 5484 honorem
1112 5446 1135 5484 s,
1146 5426 1327 5506 Augustini.)
1337 5425 1495 5503 Salzburg,
1510 5427 1599 5503 1783.
1611 5428 1652 5487 80.

1387 5529 1439 5592 35*
