4222 6106
777 509 1063 580 '‘5¹7—

136 703 246 757 XXIII.
264 704 363 757 Kurze
376 701 604 774 Bemerkungen
622 699 697 756 iiber
708 700 767 756 alle
780 699 879 756 Sonn-
960 695 1214 757 sollicitudines
1228 696 1310 756 dum
1323 695 1569 757 desideranter
1580 696 1717 777 petenti
1730 718 1792 758 an-

51 807 108 862 und
121 804 419 880 chttags·Episteln
432 804 491 860 und
501 804 686 878 Evangelien
699 804 753 860 des
764 822 880 878 ganzen
960 837 1005 879 no
1027 835 1105 894 1747
1129 818 1308 897 deponere
1328 817 1436 897 licuit,
1462 816 1556 878 domi
1581 837 1660 879 cum
1676 817 1792 879 Maria

50 912 165 987 Jahres,
187 929 241 966 aus
258 909 325 965 dem
342 909 581 964 Franzc‘asischen
598 911 681 964 eines
698 909 880 982 Ungenann-

960 938 1112 1018 pedibus
1122 938 1253 999 domini
1263 939 1431 1001 continua
1440 940 1561 1001 oscula
1570 939 1659 1002 tulit.
1670 937 1792 1002 Senex

51 1028 99 1070 ten
115 1033 186 1071 vom
201 1013 291 1089 Jahre
308 1025 387 1085 1737
406 1011 568 1069 iibersetzt.
585 1008 614 1088 (i.
625 1031 651 1067 e.
664 1013 775 1068 Notata
788 1030 881 1086 quae·

52 1119 117 1174 dam
138 1117 176 1173 de
197 1116 334 1192 epistulis
357 1129 388 1172 et
408 1117 572 1190 evangeliis
595 1118 688 1171 totius
709 1113 800 1193 anni.)
824 1116 880 1171 Ms.
962 1080 1041 1121 cum
1057 1062 1253 1121 mmorlbus
1271 1069 1306 1122 et
1319 1068 1618 1123 astnsmatutlms
1632 1062 1792 1141 quotidie

52 1229 92 1295 4⁰.
116 1236 176 1278 120
192 1220 273 1277 folia.
291 1218 365 1276 lbid.

137 1325 247 1382 xxlv,
273 1322 409 1397 Heiliges
434 1325 616 1397 Κηῃῑψςξ,
641 1320 716 1378 oues
739 1322 882 1378 Betrach·
922 1374 925 1428 Ι
964 1306 1003 1380 78
1019 1303 1142 1363 labore
1158 1301 1292 1364 fractus
1309 1323 1516 1385 gangraena
1532 1302 1716 1366 confectus
1733 1303 1791 1365 die

53 1442 126 1503 rung
142 1428 195 1484 des
211 1428 344 1484 Leidens
360 1427 421 1482 und
434 1426 539 1482 Todes
551 1427 623 1501 Jesu
636 1426 747 1483 Christi
762 1428 790 1481 in
803 1428 882 1481 vier·
967 1429 1014 1485 13.
1031 1424 1121 1485 Νον.
1144 1428 1222 1501 1752
1246 1424 1397 1486 animam
1415 1425 1498 1506 egit.
1522 1425 1713 1487 Innovavit
1735 1425 1792 1487 die

53 1533 125 1589 zebn
143 1531 310 1588 Stationen.
333 1527 362 1604 (i.
381 1549 407 1587 e.
425 1532 536 1587 Devia
553 1550 577 1586 s.
596 1532 696 1586 crucis
713 1530 882 1585 meditatio·
965 1567 1014 1621 29'
1040 1545 1114 1606 Iun·
1147 1550 1226 1623 1746
1254 1566 1281 1610 S·
1305 1547 1572 1628 professionem,
1601 1556 1636 1609 et
1665 1553 1693 1610 ὁ.
1717 1547 1792 1610 Ian·

54 1632 127 1713 nes.)
152 1636 208 1691 Ms.
231 1634 272 1691 8⁰.
300 1648 335 1707 17
354 1633 434 1690 folia.
456 1634 489 1689 ln
505 1632 691 1691 bibliotheca
707 1632 881 1690 Mellicensi.

138 1745 262 1818 Wolf
296 1757 511 1818 Amandus
543 1754 882 1836 (Gottvieensis),

54 1882 156 1936 natus
184 1872 220 1935 in
247 1874 444 1935 Kammern
472 1873 642 1935 Austriae
670 1873 727 1935 die
754 1895 784 1950 4.
808 1874 882 1934 Ian.

961 1181 1121 1243 laudavit
1134 1182 1322 1263 dominum,
1340 1183 1453 1243 donec
1466 1202 1636 1244 annorum
1649 1203 1790 1244 suorum

967 1670 1043 1744 1751
1065 1667 1301 1728 sacerdotium
1319 1688 1430 1731 suum.
1455 1667 1620 1748 Scripsit:

1052 1810 1073 1864 I.
1096 1807 1200 1864 Labor
1215 1812 1292 1884 pius,
1318 1809 1345 1864 id
1368 1823 1423 1875 est,
1449 1825 1602 1868 extractus
1625 1830 1663 1867 ex
1686 1811 1793 1867 rotulis

964 1912 1013 1968 dd.
1024 1912 1307 1969 confoederatorum
1318 1928 1490 1970 nostrorum
1500 1915 1716 1971 Mellicensium
1726 1917 1793 1971 mis·

58 2001 136 2075 ¹78⁶
161 1996 368 2057 sonemnem
392 1995 650 2076 Pf0fe5510n0m
681 1995 797 2057 emiSit
826 1995 883 2056 die
964 2018 1021 2082 sis,
1048 2018 1204 2072 continens
1229 2018 1313 2073 varia
1337 2019 1457 2092 pietatis
1481 2021 1625 2075 exercitia
1651 2032 1681 2074 et
1707 2032 1794 2075 actus

54 2124 81 2182 0.
99 2117 173 2181 Ian.
195 2122 273 2196 1807
293 2127 329 2180 et
345 2117 494 2197 primum
516 2136 655 2178 sacrum
676 2116 804 2179 obtulit
825 2115 882 2177 die
965 2121 1116 2187 110101οο3,
1138 2122 1166 2175 111
1183 2119 1291 2194 quibus
1308 2140 1341 2176 se
1359 2120 1542 2177 exercebant
1557 2124 1663 2178 Patres
1687 2136 1718 2177 et
1741 2141 1793 2178 an·

59 2243 106 2303 15.
124 2239 220 2321 Aug·
243 2243 332 2301 1808.
357 2239 514 2301 primum
536 2239 721 2301 catecheta
741 2237 885 2300 scholae
965 2238 1137 2279 tecessores
1161 2227 1266 2280 nostri.
1303 2225 1353 2281 Rr.
1381 2245 1417 2281 ac
1440 2226 1583 2283 venerab.
1609 2228 1641 2283 P.
1667 2225 1793 2282 Roberti

966 2327 1118 2383 Wolfarth
1135 2328 1214 2403 prof.
1231 2329 1339 2385 Mellic.
1357 2350 1386 2404 p.
1404 2342 1424 2385 t.
1442 2331 1527 2385 senio
1544 2329 1673 2405 professi
1695 2343 1726 2386 et
1746 2348 1794 2385 sa·

965 2432 1098 2488 cerdotis
1111 2432 1234 2489 iubilati.
1252 2434 1308 2489 Ms.
1322 2435 1346 2488 F
1349 2433 1388 2489 ol.
1405 2432 1468 2507 300
1483 2453 1511 2508 p.
1530 2453 1596 2490 cum
1609 2434 1716 2489 indice.
1733 2433 1795 2488 Ad·

965 2549 1103 2592 serratur
1120 2539 1148 2591 in
1165 2535 1348 2593 bibliotheca
1364 2539 1539 2594 Mellicensi.
1565 2539 1610 2593 De
1626 2538 1684 2593 hoc
1700 2556 1794 2612 opere

966 2642 994 2695 in
1011 2642 1142 2713 registro
1160 2643 1311 2715 prioratus
1329 2642 1376 2697 die
1395 2657 1444 2714 27.
1458 2643 1526 2699 Oct.
1542 2656 1623 2714 1750
1638 2643 1795 2717 sequentia

54 2725 210 2807 negotiis
227 2724 421 2805 oeconomi,
442 2724 580 2786 culinae
604 2733 639 2786 et
661 2725 772 2786 cellae
788 2724 886 2786 vino·
966 2743 1108 2817 regrmus:
1127 2745 1172 2800 hu
1186 2764 1245 2800 non
1259 2746 1412 2801 medroere
1428 2746 1568 2801 solatum
1581 2764 1677 2801 meum
1691 2744 1796 2801 derunt

54 2360 264 2443 claustralis,
272 2381 355 2423 mox
364 2360 567 2443 theologiae
577 2360 885 2443 dogmaticaepro·

54 2481 179 2562 103301,
205 2481 412 2544 clericorum
435 2481 639 2563 praefectus
663 2491 699 2544 et
722 2481 887 2563 subprior

54 2614 110 2667 est
125 2603 319 2684 institutus,
337 2623 428 2685 quae
442 2601 560 2665 officia
573 2613 656 2684 post
672 2605 761 2665 duos
774 2623 886 2665 annos

54 2846 127 2908 riae
159 2846 334 2927 praefecti
364 2853 568 2927 permutare
600 2845 734 2907 debuit.
777 2845 886 2907 Pedis
967 2848 1035 2903 mihi
1048 2848 1085 2903 ad
1099 2850 1264 2923 prioratum
1278 2867 1355 2924 opus
1368 2868 1464 2914 suum,
1479 2851 1524 2904 cui
1539 2846 1795 2919 titulus:„Labor

53 2966 228 3030 fractione
255 2967 420 3029 inhabilis
444 2969 490 3028 ad
514 2968 709 3050 gerendam
736 2985 886 3029 oecono,
967 2954 1052 3027 pius“
1072 2971 1095 3007 r.
1109 2953 1141 3007 P.
1157 2951 1308 3007 Robertus
1325 2952 1505 3008 venerabilis
1521 2954 1623 3008 senior
1638 2950 1795 3027 professus

54 3089 160 3150 miam
189 3088 350 3150 redditus
378 3108 522 3150 munere
550 3088 734 3151 oeconomi
762 3107 801 3150 se
825 3090 887 3149 ab·
967 3054 1124 3120 iubilaeus,
1142 3057 1391 3130 virseptuaginta
1407 3069 1522 3130 septem
1536 3073 1690 3118 annorum,
1707 3053 1795 3110 valde

967 3170 1104 3231 vegetus,
1120 3172 1149 3214 et
1158 3159 1292 3233 quotidie
1305 3159 1429 3215 chorum
1442 3159 1646 3235 frequentans.
1665 3158 1797 3231 Collegit

55 3213 190 3274 dicavit
206 3218 243 3273 et
259 3212 396 3272 cume
413 3211 595 3292 cellaeque
608 3230 766 3273 manae
783 3229 886 3290 prae·
968 3262 1039 3317 illud
1056 3281 1092 3317 ex
1110 3263 1215 3318 rotulis
1232 3263 1310 3319 ultra
1327 3277 1373 3320 ter
1394 3264 1519 3319 millenis
1541 3277 1570 3319 et
1586 3264 1796 3340 septingentis

54 3331 121 3394 fnit
137 3352 253 3412 usque
268 3334 315 3394 ad
331 3342 480 3395 mrtem
498 3332 555 3394 die
576 3352 622 3411 Ι7·
641 3333 729 3414 Aps·
751 3336 842 3410 1834.
969 3379 999 3421 et
1014 3366 1095 3440 quod
1113 3369 1225 3435 mirum,
1250 3368 1381 3424 confecit
1404 3369 1462 3425 hoc
1486 3388 1564 3444 opus
1583 3387 1601 3424 a
1621 3386 1723 3424 mense
1738 3367 1763 3422 F
1765 3385 1797 3422 e·

143 3454 229 3516 Eius
247 3463 316 3516 est:
968 3468 1079 3526 bruarii
1104 3472 1190 3527 huius
1213 3475 1281 3527 anni
1309 3492 1404 3546 usque
1431 3475 1461 3528 in
1488 3491 1619 3529 mensem
1641 3469 1795 3528 Octobris.

143 3581 278 3636 Diarium
309 3579 347 3635 de
377 3597 456 3635 anno
489 3579 584 3653 1803,
617 3579 801 3655 publicatum
832 3578 889 3636 sub
970 3575 1062 3630 Dabit
1086 3575 1155 3630 illud
1176 3577 1213 3631 ad
1229 3579 1394 3649 gratiosam
1412 3596 1528 3632 manum
1545 3576 1796 3641 reverendissimi,

56 3684 158 3741 titulo:
188 3686 288 3740 Kurze
311 3682 512 3758 Schilderung
540 3684 593 3739 des
622 3684 807 3740 Benehmens
835 3684 890 3739 der
970 3678 1020 3733 ubi
1037 3682 1065 3734 in
1083 3679 1161 3735 festo
1181 3681 1368 3755 Epiphaniae
1385 3681 1474 3737 futuri
1496 3684 1564 3737 anni
1586 3683 1732 3756 primitias
1749 3700 1797 3737 se·

55 3787 889 3863 franzdsischenTruppenwzihrendihresEinriIckens
970 3784 1098 3851 cundaS‚
1131 3785 1198 3839 Deo
1225 3787 1374 3860 propitio,
1407 3786 1591 3841 sollemniter
1621 3784 1797 3841 celebrabit.

55 3892 114 3948 und
133 3892 277 3967 langeren
293 3890 502 3947 Aufenthaltes
526 3893 554 3947 111
571 3891 628 3947 den
645 3890 812 3965 Gegenden
829 3910 889 3948 von
970 3888 1066 3943 Penes
1083 3888 1160 3944 hunc
1182 3909 1266 3944 suum
1288 3892 1368 3963 pium
1390 3889 1524 3946 laborem
1549 3892 1671 3965 insuper
1693 3888 1800 3944 adtulit

55 4098 167 4157 Stadte
184 4102 292 4156 Krems
310 4099 369 4155 und
385 4099 480 4156 Stein.
502 4098 592 4173 1800.
610 4114 668 4171 331
689 4121 718 4176 p.

143 4210 358 4284 Wolfarth
397 4221 617 4283 Robertus
656 4221 889 4303 (Mellicen-

53 4339 143 4420 sis),
162 4338 309 4401 Mellicii
324 4339 360 4401 in
377 4339 523 4401 Austria
546 4339 603 4401 die
625 4359 675 4412 20,
693 4339 783 4402 Nov.
808 4339 891 4401 anni

970 4095 1093 4152 fratrum
1111 4100 1258 4153 emissuro
1275 4099 1402 4174 perutile
1419 4118 1506 4174 opus.

1058 4221 1094 4276 Il.
1112 4221 1278 4294 Catalogus
1292 4223 1424 4277 virorum
1441 4221 1626 4277 eruditorum
1644 4240 1681 4277 ex
1698 4221 1802 4277 ordine

971 4344 994 4381 s.
1012 4327 1044 4382 P.
1061 4325 1226 4393 Benedicti,
1251 4326 1357 4382 ordine
1380 4325 1572 4401 alphabetico
1594 4329 1769 4400 conscripta
1784 4345 1803 4381 a

972 4432 1003 4486 P.
1021 4430 1159 4487 Roberto
1175 4431 1351 4487 Mellicensi.
1370 4431 1457 4487 Anno
1471 4445 1561 4504 1752.
1575 4432 1630 4487 Ms.
1641 4431 1706 4487 Pol.
1721 4430 1760 4500 00
1772 4449 1801 4505 p.

58 4465 142 4539 1674
167 4471 283 4542 natus,
308 4464 337 4521 8.
363 4459 463 4541 Sept.
493 4465 572 4538 1095
597 4469 683 4522 vota
707 4460 890 4523 sollemnia
1017 4537 1022 4546 ,
1456 4537 1460 4546 Ι

972 4547 1001 4590 01
1016 4534 1113 4591 index.
1131 4535 1165 4590 ln
1181 4535 1366 4591 bibliotheca
1381 4535 1555 4591 Mellicensi.

55 4582 175 4645 emisit
192 4591 228 4644 et
244 4581 302 4643 die
319 4586 348 4645 0.
365 4583 439 4646 Ian.
459 4601 536 4660 1701
557 4583 757 4645 sacerdotio
775 4583 890 4645 initia·

55 4714 116 4768 tus
132 4713 198 4768 est.
223 4703 327 4765 Foris
350 4704 396 4765 ab
421 4723 513 4765 anno
541 4724 618 4782 1702
641 4705 676 4765 in
697 4704 806 4766 variis
829 4724 892 4784 pa·
1060 4699 1355 4793 Wolfsgruber
1376 4709 1670 4772 Coelestinus
1686 4711 1802 4772 Ioan-

55 4825 186 4888 roeciis
209 4826 395 4887 commoda
412 4835 448 4887 et
464 4825 635 4887 utilitates
651 4824 807 4887 familiae
824 4825 892 4888 sibi
972 4847 1049 4889 nes
1085 4826 1380 4906 (Scotensis)‚
1423 4827 1650 4888 Neukirchen
1689 4846 1802 4907 prope

57 4946 213 5010 traditae
233 4966 438 5029 procurans,
455 4947 648 5028 praecipue
670 4948 704 5009 in
720 4947 892 5009 Weiken·
973 4946 1159 5010 Gmunden
1179 4947 1213 5008 in
1231 4947 1378 5008 Austria
1395 4967 1472 5027 sup.
1490 4947 1547 5009 die
1565 4968 1611 5025 14.
1621 4948 1708 5009 Maii
1721 4952 1801 5026 1848

56 5067 149 5148 dorf,
173 5067 273 5130 cuius
288 5067 488 5131 aedificium
508 5089 639 5131 novum
664 5069 810 5152 egregie
834 5090 892 5132 cu·
973 5080 1088 5149 natus⁷
1107 5089 1186 5131 011111
1198 5068 1376 5151 gymnasii
1390 5069 1508 5130 studia
1520 5070 1565 5130 ad
1579 5067 1705 5133 Scotos
1716 5069 1803 5132 Vin-

55 3995 215 4071 Gdttweig
242 3997 280 4051 im
305 3996 395 4071 Jahre
426 3994 518 4067 1803.
546 3995 645 4061 Kinzl,
674 3995 809 4052 Chronik
836 3995 890 4051 der
970 4012 1138 4067 synonyma
1151 3993 1288 4050 diversae
1301 3997 1415 4060 11101113,
1430 3997 1461 4050 P.
1477 3995 1712 4069 priori„rotulas
1726 4013 1799 4050 0011-

57 5191 169 5271 ravit,
197 5199 234 5252 et
261 5191 296 5252 in
318 5190 545 5271 praefectura
568 5191 818 5253 Leesdorfensi
846 5193 892 5252 ab
973 5193 1136 5253 dobonae
1151 5191 1327 5271 coluisset,
1338 5190 1470 5252 ibidem
1480 5190 1707 5274 die21.Sept.
1723 5198 1802 5271 1869

57 5330 154 5374 anno
186 5331 265 5390 17²²
290 5311 426 5393 primae
450 5321 557 5374 notae
583 5331 796 5375 oeconomus
819 5332 892 5374 rem
972 5313 1116 5374 indutus
1132 5322 1219 5374 vota
1235 5311 1416 5374 sollemnia
1434 5311 1550 5374 emisit
1566 5311 1624 5373 die
1639 5316 1688 5377 28.
1702 5311 1803 5394 Sept.

57 5433 270 5497 familiarem
298 5434 400 5497 diviti
423 5455 518 5517 penu
541 5434 785 5517 locupletavit.
816 5435 893 5496 Has
977 5439 1067 5512 1873.
1085 5433 1237 5496 Emenso
1248 5453 1274 5495 s.
1285 5432 1489 5514 theologiae
1501 5433 1537 5495 in
1546 5434 1805 5498 univ.Vindob.
