4222 6106
947 487 1176 553 ,9-

185 668 453 747 (ddo.Venetiis
470 669 527 731 die
543 674 594 731 31.
611 669 696 731 Maii
718 670 809 750 1800)
827 668 894 732 fuit
909 669 1019 732 nomi·

182 799 290 853 natus
306 802 344 853 et
359 800 586 854 consecratus
599 791 886 873 archiepiscopus
901 791 1018 854 titulo:

180 911 420 975 Eczmiadzini
436 913 472 975 in
488 923 577 993 part.
594 911 724 975 infidel.
741 914 847 975 Anno
862 917 940 975 1802
951 912 1019 976 fuit

180 1035 321 1098 electus
336 1037 450 1097 abbas
463 1013 639 1117 generalis
656 1054 775 1118 congr.
792 1035 1017 1099 Mechithari-

180 1156 296 1219 sticae
321 1156 563 1239 Tergestinae.
587 1154 799 1239 Opportuno
822 1177 907 1220 sane
931 1167 1017 1220 tem-

181 1297 270 1360 pore
302 1288 497 1342 vocaverat
523 1279 748 1361 providentia
775 1279 894 1342 divina
925 1281 1017 1342 hunc

183 1400 383 1481 praelatum
405 1402 451 1463 ad
472 1402 539 1463 hoc
560 1401 707 1463 arduum
724 1421 860 1484 munuS,
880 1412 919 1464 ut
941 1411 1017 1463 tan-

186 1540 290 1601 quam
318 1530 490 1602 patronus
517 1542 558 1584 ac
585 1512 811 1604 praesidium
827 1523 1019 1585 sustineret

186 1652 418 1725 tuereturque
442 1645 756 1727 congregationem
777 1645 812 1707 in
836 1664 1018 1707 aerumna-

186 1784 261 1826 rum
286 1765 423 1848 diebuS,
448 1766 507 1846 qui
527 1786 611 1828 mox
631 1767 697 1830 toti
712 1766 866 1829 familiae
886 1766 1018 1829 Mechi-

188 1887 391 1949 tharisticae
403 1886 570 1970 Tergesti
586 1888 824 1951 imminebant.
843 1886 935 1951 Galli
950 1888 1019 1951 iam

188 2010 232 2071 ab
256 2029 352 2071 anno
382 2013 460 2071 1805
484 2010 520 2072 in
544 2019 673 2072 terram
695 2014 889 2093 urbemque
912 2011 1019 2072 irrue·

188 2143 279 2205 rant;
296 2151 362 2213 pro
378 2131 654 2194 Mechitharistis
670 2135 880 2195 crescebant
894 2132 929 2195 in
943 2132 1020 2194 dies

188 2252 327 2316 futurae
344 2254 555 2317 calamitatis
571 2254 738 2336 pericula.
758 2254 1019 2318 Illustrissimus

188 2375 349 2437 dominus
372 2375 584 2438 Adeodatus
614 2377 664 2438 uti
696 2387 798 2458 pater
826 2388 1018 2459 pastorque

186 2498 301 2559 bonus
331 2517 396 2559 suo
424 2498 588 2579 exemplo
622 2497 830 2581 efficacique
857 2519 1019 2562 sermone

188 2638 287 2701 spem
305 2620 421 2681 anxiis
437 2621 614 2682 mentibus
630 2621 795 2704 viresque
811 2622 958 2703 addidit,
975 2641 1019 2683 ne

188 2741 241 2802 sui
264 2741 301 2803 in
324 2742 522 2804 vocationis
549 2762 634 2805 suae
661 2743 854 2807 stabilitate
877 2744 1019 2806 vacilla-

186 2873 274 2945 rent,
292 2865 356 2925 sed
373 2865 492 2946 potius
508 2865 652 2927 meliora
673 2875 833 2947 tempora
856 2887 878 2928 a
900 2866 1019 2928 divina

187 2985 414 3064 providentia
433 2997 619 3067 sperantes
642 3006 684 3050 ac
704 2998 879 3069 petentes,
903 2987 1019 3050 animo

186 3104 309 3169 fidenti
326 3119 457 3170 essent.
475 3109 589 3170 Annis
606 3110 761 3191 quinque
774 3110 808 3172 in
821 3110 1018 3172 huiusmodi

187 3229 371 3291 anxietate
391 3232 590 3313 transactis,
612 3251 692 3293 cum
709 3232 785 3293 dies
800 3230 1019 3325 infausti-co·

187 3350 301 3411 minus
317 3351 573 3435 impenderent,
591 3354 756 3435 nullaque
769 3354 1018 3417 incolumitatis

188 3490 269 3552 spes
277 3492 344 3553 pro
353 3474 801 3557 congregationeTergesti
810 3487 1017 3558 remaneret,

188 3602 330 3656 coactus
355 3604 410 3656 est
433 3595 688 3659 illustrissimus
713 3599 873 3660 dominus
897 3598 1017 3660 Adeo·

190 3717 290 3779 datus
317 3717 401 3778 alibi
429 3736 494 3797 pro
522 3720 593 3780 suis
621 3719 851 3782 familiaribus
879 3721 1016 3803 asylum

190 3856 367 3917 quaerere.
390 3839 504 3921 Igitur
519 3841 618 3904 initio
634 3843 716 3904 anni
736 3846 818 3905 1810
834 3863 917 3905 suos
930 3842 1014 3904 Ter-

190 3958 278 4039 gesti
300 3958 390 4045 Deo,
413 3961 663 4045 Deiparaeque
683 3964 822 4047 Virgini
843 3974 1014 4047 patronae

191 4085 472 4167 congregationis
485 4088 745 4169 commendans,
762 4088 839 4169 ipse
856 4107 934 4149 cum
950 4106 1014 4149 suo

193 4207 375 4269 secretario
388 4208 455 4269 iter
466 4208 649 4290 ingressus
662 4219 726 4271 est.
744 4209 813 4270 Ast
824 4219 1013 4290 postquam

195 4346 284 4410 spem
301 4329 408 4392 fausti
425 4349 610 4392 successus
628 4331 760 4412 ubique
776 4331 960 4393 extenuari
978 4341 1013 4392 et

195 4470 400 4515 evanescere
416 4452 516 4534 vidit,
537 4452 660 4515 ultima
677 4453 830 4534 experiri
850 4453 1011 4515 tentavit.

160 4660 165 4665 ·
196 4568 404 4637 Continuans
418 4575 487 4636 iter
503 4594 612 4657 suum,
634 4574 756 4656 primis
774 4574 900 4636 diebus
915 4593 1012 4636 men-

196 4694 234 4756 sis
249 4694 416 4759 Octobris
432 4697 590 4759 eiusdem
608 4697 691 4758 anni
707 4697 742 4758 in
756 4696 925 4759 Austriae
941 4716 1012 4759 me·

196 4818 360 4899 tropolim,
376 4817 552 4880 Viennam
568 4819 741 4899 pervenit.
772 4818 918 4901 Ibidem,
935 4819 1013 4882 Deo

196 4940 261 5003 eius
286 4941 472 5003 conamina
496 4952 697 5022 coronante,
720 4951 882 5022 optatum
904 4943 1014 5023 impe-

195 5064 307 5125 travit:
332 5063 540 5145 pientissimi
557 5063 691 5126 scilicet
707 5063 869 5127 Caesaris
890 5075 926 5126 et
940 5064 1015 5126 Rc·

193 5185 241 5265 gis
256 5184 437 5248 Francisci
453 5186 479 5249 I.
500 5186 659 5268 gratioso
680 5206 850 5249 concessu
867 5184 1015 5267 Capuci-

191 5326 310 5371 norum
330 5309 581 5371 monasterium
603 5329 681 5371 cum
700 5310 850 5372 ecclesia
874 5311 908 5372 in
933 5312 1015 5371 sub-

191 5430 288 5492 urbio
303 5431 502 5513 acquisivit.
525 5432 613 5495 Mox
629 5434 740 5495 secuti
757 5444 839 5495 sunt
855 5453 935 5496 eum
951 5453 1015 5496 sex

1098 667 1300 749 presbyteri
1315 666 1603 749 congregationis
1613 666 1778 749 Tergesti
1794 667 1927 729 exules.

1097 788 1204 850 Anno
1225 787 1456 869 subsequenti
1473 789 1582 869 (1811)
1599 788 1698 850 initio
1714 788 1846 851 mensis
1861 787 1928 850 Fe-

1097 909 1239 992 bruarii,
1264 929 1386 972 omnes
1412 911 1514 972 simul
1534 910 1724 973 iubilantes
1749 921 1785 973 et
1804 912 1928 974 laudes

1098 1033 1143 1094 ad
1158 1031 1275 1094 Deum
1291 1032 1327 1093 in
1343 1032 1494 1094 excelsis
1510 1033 1714 1095 attollentes
1729 1032 1928 1115 ingressum

1097 1154 1249 1218 suumin
1266 1174 1394 1217 novam
1412 1155 1673 1236 possessionem
1694 1155 1926 1219 celebrarunt.

1097 1274 1385 1337 Mechitharistae
1409 1276 1705 1339 Vindobonenses
1735 1277 1770 1338 in
1796 1277 1928 1359 gratia-

1097 1416 1174 1459 rum
1200 1397 1375 1460 actionem
1404 1418 1468 1481 pro
1495 1399 1604 1461 tantis
1630 1399 1820 1481 laboribus,
1851 1411 1927 1463 tan-

1098 1518 1214 1600 tisque
1237 1519 1419 1582 beneficiis
1446 1520 1668 1583 illustrissimi
1696 1522 1751 1583 sui
1775 1523 1925 1604 abbatis,

1099 1630 1430 1722 tanquam‘secundi
1446 1643 1653 1724 fundatoris,
1675 1642 1770 1706 filiali
1792 1645 1927 1726 pietate

1099 1764 1302 1826 memoriam
1330 1764 1405 1826 eius
1431 1766 1592 1827 venerari
1620 1786 1799 1847 nunquam
1827 1768 1926 1831 omit-

1100 1895 1188 1949 tunt.
1212 1886 1295 1967 Ipse
1316 1895 1434 1949 autem
1455 1888 1708 1951 illustrissimus
1729 1890 1872 1969 praesul
1887 1901 1926 1953 ut

1099 2008 1174 2070 zelo
1190 2028 1380 2090 amoreque
1396 2020 1545 2091 paterno
1562 2030 1660 2072 suam
1675 2010 1842 2073 familiam
1854 2032 1926 2075 arn·

1100 2130 1332 2214 plectebatur,
1360 2132 1409 2194 ita
1433 2104 1679 2214 pro'eiusdem
1703 2134 1824 2196 maiori
1848 2155 1928 2217 pro·

1099 2273 1226 2334 gressu
1243 2254 1277 2316 in
1294 2254 1473 2316 literarum
1486 2255 1672 2336 disciplina
1685 2276 1824 2339 semper
1836 2258 1927 2320 solli-

1100 2375 1189 2437 citus
1213 2386 1299 2439 erat.
1328 2377 1411 2439 Fuit
1433 2378 1510 2459 ipse
1535 2379 1681 2441 multum
1705 2390 1868 2442 versatus
1892 2381 1927 2443 in

1098 2497 1228 2580 linguis
1250 2498 1375 2562 Latina
1399 2511 1434 2563 et
1458 2500 1591 2583 Italica,
1615 2502 1767 2564 maxime
1783 2522 1868 2565 vero
1891 2503 1926 2565 in

1099 2620 1323 2702 philosophia
1336 2632 1371 2683 et
1381 2622 1561 2705 theologia
1575 2623 1778 2705 (praecipue
1786 2625 1816 2687 Τ
1817 2625 1926 2687 homi-

1099 2742 1210 2823 stica).
1251 2741 1455 2805 Conabatur
1484 2747 1595 2807 verbo
1631 2756 1667 2808 et
1697 2746 1857 2829 scriptis,
1887 2758 1927 2809 ut

1099 2864 1253 2946 religiosi
1270 2865 1324 2927 sui
1341 2865 1374 2927 in
1395 2865 1449 2927 his
1471 2866 1597 2929 studiis
1618 2867 1844 2950 singulariter
1866 2889 1926 2931 ex-

1099 2988 1277 3049 cellerent.
1296 2988 1370 3050 Iam
1383 3007 1495 3050 senex
1506 2989 1756 3071 octogenarius
1768 3010 1838 3053 non
1851 3011 1926 3053 ces·

1099 3110 1203 3171 sabat
1218 3109 1253 3172 in
1276 3110 1477 3172 domesticis
1494 3111 1792 3192 praelectionibus
1812 3113 1926 3193 quoti-

1100 3230 1213 3292 dianis
1225 3231 1439 3313 theologiam
1452 3232 1691 3313 dogmaticam
1707 3243 1743 3295 et
1756 3234 1923 3296 moralem

1099 3353 1171 3415 suis
1192 3353 1328 3416 clericis
1349 3354 1384 3416 in
1400 3353 1521 3436 lingua
1537 3355 1751 3418 Armeniaca
1771 3357 1922 3418 tradere.

1097 3474 1234 3538 Meritis
1268 3477 1411 3558 plenus,
1447 3477 1628 3559 octoginta
1662 3497 1774 3539 annos
1809 3489 1924 3559 natus,

1097 3597 1258 3660 Viennae
1286 3599 1321 3660 in
1347 3599 1561 3661 monasterio
1588 3618 1652 3661 suo
1676 3599 1733 3661 die
1765 3605 1812 3662 1'8.
1837 3600 1924 3681 Apr.

1101 3724 1178 3782 1825
1197 3720 1271 3782 vita
1288 3720 1475 3783 defunctus
1492 3731 1556 3784 est.

1181 3876 1331 3960 Scripsit
1352 3888 1388 3941 et
1405 3899 1449 3941 ex
1466 3879 1543 3941 Lat.
1560 3879 1595 3941 in
1612 3880 1925 3944 Palaeoarmenum

1094 4019 1291 4064 sermonem
1308 4002 1501 4065 transtulit:

1179 4167 1202 4222 1·
1212 4165 1523 4243 evomuere
1534 4166 1574 4240 11-
1584 4165 1752 4242 amram
1766 4169 1784 4223 1·
1798 4187 1824 4223 e·
1838 4162 1924 4243 uum

1093 4268 1243 4345 aliquibus
1264 4272 1356 4326 sociis
1376 4272 1453 4335 suis,
1478 4289 1544 4326 curn
1566 4270 1662 4327 adhuc
1681 4270 1815 4327 Veneriis
1832 4271 1924 4345 dege·

1093 4371 1149 4452 ret)
1163 4394 1200 4431 ex
1213 4375 1279 4430 Lat.
1294 4376 1323 4429 in
1335 4375 1600 4430 Palaeoarmenum
1613 4376 1702 4432 vertit
1714 4375 1829 4449 aliquot
1846 4388 1924 4431 trac-

1093 4494 1173 4536 tatus
1201 4498 1238 4535 ex
1261 4480 1295 4536 C.
1316 4479 1424 4535 Renati
1448 4478 1571 4534 Billuart
1600 4478 1664 4535 ord.
1689 4478 1795 4535 Praeti.
1828 4479 1924 4535 Cursu

1093 4584 1266 4658 theologiae
1283 4583 1459 4639 universalis
1476 4585 1556 4638 iuxta
1569 4597 1695 4638 mentem
1714 4625 1720 4638 .
1739 4626 1745 4638 .
1763 4626 1770 4639 .
1789 4584 1825 4639 D.
1840 4583 1924 4638 'lho-

1094 4707 1168 4744 mae.
1193 4686 1316 4744 Scilicet
1333 4688 1495 4743 Tractatus
1516 4688 1548 4758 a)
1567 4686 1604 4746 ‹le
1621 4688 1688 4743 Deo
1709 4705 1768 4741 uno
1784 4701 1814 4742 et
1830 4689 1922 4751 trino;

1094 4791 1125 4865 b)
1140 4792 1177 4847 de
1197 4793 1417 4859 incarnatione;
1442 4792 1471 4864 c)
1490 4790 1527 4846 de
1543 4793 1651 4863 gratia,
1673 4805 1703 4846 et
1722 4791 1755 4863 d)
1775 4789 1812 4844 de
1830 4808 1923 4862 ange·

1095 4898 1140 4953 lis.
1160 4930 1203 4938 -
1224 4897 1269 4952 Ex
1293 4896 1348 4951 hac
1369 4898 1511 4951 versione
1531 4907 1643 4950 tanturn
1664 4905 1809 4949 tractatus
1835 4895 1867 4961 a)
1887 4892 1923 4948 de

1096 5003 1163 5057 Deo
1180 5019 1239 5056 uno
1255 5014 1285 5055 et
1301 5002 1389 5067 trinu,
1406 5013 1436 5056 et
1452 4999 1483 5072 h)
1499 4999 1536 5054 de
1548 4999 1673 5072 angelis,
1690 4999 1720 5052 in
1739 5012 1755 5052 2
1770 4997 1831 5053 vol.
1844 5001 1923 5073 typis

1095 5104 1224 5160 mandati
1241 5117 1319 5160 sunt.
1339 5104 1490 5177 Tergesti,
1510 5106 1589 5179 typis
1605 5101 1746 5158 Mechith.
1768 5102 1858 5175 1788.

1182 5227 1241 5282 NB.
1266 5226 1385 5300 Reliqui
1406 5237 1549 5282 tractatus
1566 5227 1824 5299 supranominati,
1846 5244 1923 5299 quos

1094 5332 1310 5388 illustrissimus
1328 5330 1473 5386 Dominus
1488 5327 1664 5385 Adcodatus
1680 5330 1709 5384 in
1725 5329 1807 5385 Arm.
1824 5331 1922 5396 vertit,

1095 5440 1136 5493 uti
1165 5436 1287 5492 codices
1314 5435 1506 5509 manuscripti
1535 5453 1601 5490 cum
1630 5436 1740 5491 ceteris
1768 5431 1923 5491 codicibus
