4222 6106
904 491 947 500 -
991 452 1114 517 LXIV
1157 491 1201 502 —
1283 510 1285 514 ,

315 677 355 738 ln
379 676 508 739 ceteris
524 677 714 740 Bohemiae
738 687 775 740 et
790 678 974 742 Moraviae
997 678 1230 760 monasteriis,
1255 679 1284 740 si
1301 698 1371 741 non
1388 679 1577 761 gymnasia
1593 689 1696 742 erant
1711 679 1925 759 constituta,

185 830 224 874 ut
248 814 472 877 Braunaviae
495 825 531 876 et
547 813 769 897 Cladrubiae,
792 826 830 878 at
845 815 968 878 schola
990 815 1251 878 monasterialis
1275 828 1311 878 et
1334 836 1485 896 parvum
1501 816 1730 879 seminarium
1747 836 1926 899 nusquam

186 954 319 1014 deerat.
351 952 540 1034 Raigradii
558 952 700 1034 quidem
717 954 811 1016 circa
826 974 956 1016 annum
977 957 1056 1016 1663
1074 965 1218 1035 praeter
1233 973 1374 1035 pueros,
1398 955 1459 1036 qui
1482 956 1528 1018 ad
1552 954 1673 1017 munia
1696 974 1801 1018 sacra
1824 954 1927 1017 insti·

186 1104 378 1172 tuerentur,
402 1090 508 1152 etiam
531 1091 590 1152 alii
614 1091 799 1154 erudiendi
823 1092 1096 1172 excipiebantur
1111 1093 1145 1172 ¹).

956 1436 1062 1500 CAP.
1086 1436 1149 1499 111.

314 1643 430 1707 Maria
465 1644 637 1707 Therasia
670 1643 896 1724 imperatrice
930 1663 1008 1706 cum
1046 1663 1177 1726 magna
1211 1656 1307 1706 esset
1341 1643 1439 1707 facta
1475 1662 1591 1708 rerum
1629 1643 1927 1708 scholasticarum

184 1782 343 1863 mutatio,
368 1782 475 1845 etiam
498 1783 642 1843 scholae
665 1781 978 1844 Benedictinorum
1003 1781 1273 1844 Austriacorum
1295 1781 1448 1864 pristina
1470 1802 1587 1845 rerum
1611 1781 1820 1845 conditione
1843 1784 1927 1864 plus

185 1919 345 1983 minusve
369 1929 479 1982 exuta
502 1920 548 1980 ad
571 1937 699 1981 novum
724 1919 881 1982 ordinem
904 1921 1082 1983 adductae
1106 1932 1202 2002 sunt,
1231 1932 1374 2002 praeter
1402 1931 1542 1983 ceteras
1570 1920 1789 1983 universitas
1813 1919 1926 1984 Salis-

184 2057 383 2139 burgensis.
428 2055 585 2118 Decreto
617 2057 709 2119 enim
740 2057 855 2120 aulico
886 2077 978 2119 anno
1007 2063 1086 2137 1754
1117 2059 1214 2123 edito
1247 2069 1389 2122 cautum
1413 2067 1478 2139 est,
1510 2077 1555 2119 ne
1587 2059 1741 2120 abbates
1774 2056 1928 2120 clericos

185 2196 380 2257 studiorum
403 2194 684 2276 theologicorum
708 2213 816 2256 causa
839 2194 1019 2257 mitterent
1043 2196 1078 2257 in
1102 2206 1269 2258 externas
1293 2195 1544 2258 universitates
1560 2196 1619 2257 vel
1635 2196 1672 2258 in
1689 2194 1787 2258 aliud
1804 2214 1927 2258 mona-

186 2334 341 2413 sterium,
366 2343 475 2413 atque
499 2341 538 2394 ut
560 2335 730 2395 abbatum
754 2333 905 2396 maiores
930 2334 1185 2416 („griisseren“)
1210 2335 1337 2397 saltem
1359 2334 1474 2415 binoS,
1498 2334 1652 2397 minores
1669 2333 1926 2418 („kleineren“)

185 2470 310 2533 saltem
331 2470 490 2552 singulos
510 2470 656 2532 clericos
680 2471 860 2535 mitterent
887 2471 923 2534 in
949 2472 1217 2535 universitatem
1234 2472 1558 2556 Vindobonensem,
1579 2472 1640 2535 ubi
1665 2474 1850 2535 doctorum
1875 2471 1929 2534 in·

186 2608 302 2691 signia
324 2617 577 2688 promererent,
601 2629 666 2670 nec
682 2604 834 2690 amplius
857 2610 955 2673 licuit
979 2610 1094 2673 thesin
1118 2611 1224 2673 ullam
1247 2622 1309 2672 aut
1333 2610 1610 2693 disputationem
1634 2610 1733 2692 typis
1756 2610 1928 2691 exscribi,

187 2756 377 2827 antequam
401 2746 653 2828 prodirectoris
669 2746 910 2808 universitatis
928 2746 1219 2809 Vindobonensis
1243 2747 1373 2810 iudicio
1397 2758 1493 2810 esset
1515 2749 1678 2828 probata.
1709 2747 1820 2810 Anno
1844 2768 1926 2826 177²

187 2887 368 2948 decretum
382 2895 446 2964 est,
460 2885 632 2966 quidquid
648 2886 693 2947 de
709 2885 859 2948 materia
874 2905 975 2948 sacra
991 2886 1161 2966 scriptum
1179 2896 1284 2963 esset,
1301 2898 1340 2949 ut
1353 2885 1670 2949 commentationes
1686 2884 1929 2968 theologicae,

187 3022 390 3101 conciones,
421 3022 501 3084 libri
533 3041 659 3103 preces
690 3033 726 3084 et
753 3022 908 3084 carmina
934 3042 1036 3085 sacra
1063 3024 1285 3087 continentes
1316 3034 1394 3105 etc,
1426 3023 1494 3086 nisi
1525 3042 1711 3086 censuram
1742 3023 1929 3105 publicam

186 3160 355 3223 subiisset
378 3170 486 3241 atque
509 3169 594 3222 nota
618 3160 882 3240 ,Imprimatur“
908 3161 1114 3244 insignitum
1138 3172 1243 3242 esset,
1268 3181 1312 3225 ne
1335 3163 1436 3243 prelo
1459 3162 1737 3225 submitteretur.
1772 3160 1930 3226 Sublato

187 3300 343 3381 quinque
371 3299 473 3361 annis
496 3309 579 3379 post
602 3299 719 3379 priore
749 3299 892 3362 decreto
917 3320 1130 3381 quamquam
1157 3301 1372 3363 monasteria
1398 3300 1567 3363 Austriae
1594 3299 1789 3379 superioris
1816 3310 1931 3382 atque

189 3437 395 3500 dioeceseos
417 3436 703 3518 salisburgensis
725 3438 906 3500 redierunt
929 3439 964 3500 in
988 3438 1197 3502 societatem
1220 3439 1463 3502 universitatis
1487 3437 1783 3521 Salisburgensis,
1806 3448 1931 3502 tamen

187 3587 307 3639 cetera
322 3576 538 3638 monasteria
554 3595 653 3637 suam
671 3578 838 3657 quodque
853 3576 947 3639 viam
964 3577 1128 3659 ingressa
1144 3588 1236 3642 sunt.
1260 3579 1337 3639 Aut
1352 3578 1445 3640 enim
1458 3576 1664 3658 domestica,
1679 3596 1770 3659 quae
1783 3586 1930 3659 vocant,

187 3714 305 3777 studia
328 3714 531 3795 theologica
554 3714 839 3795 instituebantur,
864 3725 902 3776 ut
924 3714 1070 3778 Mellicii
1085 3715 1119 3796 ²),
1145 3712 1325 3795 Gottvicii‚
1342 3714 1584 3796 Seitenstadii,
1602 3714 1844 3798 Altenburgii,
1866 3726 1931 3778 aut

187 3852 305 3915 clerici
330 3853 364 3914 in
388 3852 655 3914 universitatem
667 3851 982 3915 Vindobonensem
1005 3854 1062 3915 vel
1077 3853 1297 3935 Pragensem
1317 3853 1559 3933 mittebantur,
1583 3862 1622 3915 ut
1639 3850 1828 3916 Scotorum
1839 3852 1932 3916 Vin·

188 3988 443 4051 dobonensium
475 3999 511 4050 et
541 3989 833 4051 monasteriorum
864 3989 1145 4051 Bohemicorum.
1188 3987 1262 4052 Sed
1290 3990 1485 4052 domestica
1512 3989 1572 4051 illa
1600 3989 1729 4069 studia,
1759 4009 1852 4070 quae
1882 4010 1931 4053 ex

189 4127 332 4188 decreto
356 4127 583 4206 imperatorio
606 4147 700 4190 anno
721 4148 801 4208 1770
824 4130 870 4190 ad
893 4128 1010 4190 studia
1033 4128 1234 4210 theologica
1251 4128 1494 4191 universitatis
1511 4128 1801 4190 Vindobonensis
1824 4139 1932 4192 erant

187 4264 407 4328 conformata
423 4265 594 4329 institutis
610 4267 753 4349 Iosephi
770 4267 813 4328 ΙΙ.
831 4266 928 4328 iussu
944 4286 1037 4328 anno
1055 4270 1133 4346 1783
1151 4266 1349 4328 seminariis
1362 4266 1592 4348 generalibus
1608 4266 1644 4329 in
1661 4267 1810 4329 urbibus
1826 4269 1931 4331 nobi·

186 4404 329 4467 lissimis
349 4425 432 4468 mox
452 4425 532 4468 esse
552 4406 742 4470 desierunt.
770 4406 800 4468 F
802 4407 961 4467 rancisco
980 4405 1022 4467 ΙΙ.
1041 4405 1255 4485 imperatore
1275 4405 1473 4467 seminariis
1492 4404 1644 4467 sublatis
1664 4405 1785 4467 studia
1806 4406 1932 4469 dome·

186 4543 276 4605 stica
293 4554 461 4607 revocata
477 4556 559 4608 sunt
577 4556 686 4626 atque
703 4556 908 4607 manserunt
923 4563 1036 4624 usque
1052 4545 1098 4606 ad
1114 4564 1243 4606 annum
1262 4549 1351 4625 1813,
1373 4564 1442 4625 quo
1463 4564 1509 4606 ex
1527 4545 1672 4607 decreto
1694 4543 1929 4626 imperatorio

186 4818 420 4874 Bievnoviense.
466 4817 496 4873 ls
519 4818 614 4872 virum
639 4817 711 4872 iuris
735 4816 957 4891 peritissimum,
982 4815 1154 4871 Anselmum
1180 4816 1295 4889 Desing
1318 4814 1577 4871 Ennsdorlensem
1601 4832 1618 4871 e
1640 4814 1811 4872 Palatinatu
1831 4833 1928 4891 supe·

187 4932 280 4997 tiore,
313 4932 467 4987 (llivcrum
499 4928 652 5004 Legipont
682 4948 699 4984 e
730 4930 913 4984 monasterio
945 4947 969 4984 s.
994 4929 1113 4984 Martini
1138 4928 1301 4995 Coloniae,
1335 4927 1508 4984 Udalricum
1533 4927 1636 4984 Weiss
1661 4927 1857 4983 Ursineusem
1887 4927 1927 4985 ad

186 5040 319 5098 eiusdem
344 5044 385 5097 rei
410 5041 539 5098 studium
565 5040 714 5116 perduxit.

317 5160 325 5187 ¹
363 5153 463 5210 {ludit
487 5153 504 5209 l.
529 5174 554 5210 e.
580 5154 617 5210 ll.

316 5150 338 5343 '¹3
369 5266 487 5321 Mellicii
512 5264 609 5321 abbas
638 5265 807 5339 Gregorius
828 5282 855 5320 a.
885 5262 965 5336 1684
994 5263 1178 5338 theologiam
1203 5276 1233 5319 et
1255 5264 1478 5339 philosophiam
1503 5263 1720 5338 speculativam
1745 5262 1923 5321 tradendam

186 5392 355 5437 curaverat.
