4252 6112
906 494 945 501 —
992 455 1148 518 XLVIII
1193 493 1235 501 —

202 680 412 760 perterritos
435 680 605 760 plaustris
628 680 764 760 paratis
787 682 1006 761 praedonum
1030 682 1141 745 instar
1158 683 1343 746 Brixinum
1361 695 1397 746 et
1414 685 1544 746 Forum
1561 705 1691 749 novum
1707 687 1743 750 in
1760 708 1939 750 carcerem

202 818 406 900 deportavit
422 820 455 899 ¹).

331 957 551 1031 Monasteria
573 977 659 1020 vero
683 956 981 1040 salisburgensia,
1006 961 1051 1021 ad
1072 981 1098 1022 s.
1117 961 1271 1043 Petrum,
1288 963 1581 1045 Nonnbergense,
1599 962 1939 1044 Michaelburanum,

202 1117 415 1179 quamquam
438 1116 508 1158 non
532 1097 828 1178 dissolvebantur,
853 1107 972 1160 tamen
994 1097 1124 1161 finibus
1148 1109 1222 1161 tam
1245 1101 1331 1163 artis
1355 1101 1623 1183 circumscripta
1645 1115 1737 1184 sunt,
1763 1112 1802 1166 ut
1818 1123 1940 1167 eorum

201 1234 361 1299 condicio
384 1236 445 1298 vix
468 1236 594 1298 laetior
621 1246 717 1299 esset
745 1257 850 1317 quam
875 1237 1109 1299 Tirolensium
1138 1247 1175 1300 et
1203 1239 1297 1300 haud
1326 1239 1433 1300 dubie
1465 1240 1554 1303 haec
1586 1260 1728 1321 quoque
1757 1242 1940 1306 interitum

200 1394 271 1438 non
295 1373 514 1459 effugissent,
537 1374 604 1438 nisi
622 1374 868 1457 Salisburgum
892 1376 927 1438 in
951 1384 1168 1456 potestatem
1184 1376 1519 1460 Habsburgensium
1542 1380 1718 1444 rediisset.
1751 1381 1829 1443 Iam
1846 1383 1940 1445 enirn

200 1515 419 1578 fortunarum
447 1514 707 1577 administratio
735 1514 777 1575 iis
805 1516 964 1596 dempta,
997 1536 1127 1597 magna
1159 1517 1262 1598 copia
1294 1517 1477 1600 signorum
1509 1529 1618 1600 atque
1650 1532 1941 1584 ornamentorum

200 1655 390 1717 Monacum
424 1663 528 1734 rapta
563 1655 712 1732 erant2).
758 1654 918 1715 Tandem
948 1655 1036 1715 haec
1070 1673 1230 1735 quoque,
1266 1674 1343 1716 cum
1375 1654 1411 1716 in
1445 1667 1623 1720 conventu
1655 1658 1700 1718 de
1730 1676 1822 1738 pace
1857 1665 1940 1739 1814

198 1794 435 1858 Vindobonae
465 1793 588 1854 habito
618 1791 865 1874 Salisburgum
895 1791 1025 1854 finibus
1049 1792 1219 1855 Austriae
1250 1793 1466 1865 adiceretur,
1498 1815 1520 1856 a
1550 1795 1635 1877 iugo
1667 1798 1755 1859 duro
1784 1796 1941 1861 liberata

198 1943 290 1997 sunt.
336 1933 453 1996 Etiam
485 1933 520 1994 in
544 1930 653 1993 Tiroli
681 1929 879 1992 Fiechtium
908 1942 944 1993 et
971 1930 1075 1993 Mons
1098 1930 1234 1993 Mariae
1265 1952 1286 1993 a
1316 1931 1508 1995 Francisco
1541 1933 1754 2014 imperatore
1787 1940 1868 1998 1816
1903 1938 1941 2000 in

200 2075 379 2154 integrum
402 2072 568 2135 restituta
591 2083 683 2134 sunt.
728 2069 984 2133 Monasterium
1008 2070 1152 2153 Augiae
1175 2070 1317 2132 maioris
1346 2072 1459 2133 solum
1488 2092 1667 2152 nunquam
1691 2075 1887 2138 resurrexit
1903 2079 1939 2155 ³).

327 2212 450 2292 Atque
482 2209 705 2273 Benedictini
736 2211 920 2291 Austriae,
949 2210 1095 2292 Stiriae,
1128 2209 1341 2291 Carinthiae,
1374 2230 1588 2291 quamquam
1619 2232 1688 2274 non
1720 2213 1769 2274 ita
1800 2212 1940 2277 adflicti

198 2360 281 2413 sunt
304 2362 343 2413 ut
365 2350 495 2412 fratres
518 2347 721 2410 Tirolenses
745 2359 780 2411 et
804 2347 1108 2430 SalisburgenseS,
1129 2357 1247 2411 tamen
1264 2348 1299 2410 in
1315 2349 1418 2411 bellis
1436 2349 1515 2431 illis,
1534 2349 1596 2411 ubi
1612 2348 1706 2411 Galli
1721 2361 1776 2412 ter
1792 2350 1829 2413 in
1847 2351 1941 2415 fines

199 2489 409 2551 Austriacos
433 2489 657 2568 inruperunt,
686 2507 755 2548 non
784 2488 896 2550 solum
924 2507 1090 2569 magnam
1114 2487 1285 2550 iacturam
1309 2487 1487 2567 fecerunt,
1519 2496 1558 2550 ut
1589 2488 1727 2569 patriae
1757 2490 1940 2554 laboranti

197 2628 430 2691 subvenirent
443 2627 478 2708 ⁴),
504 2627 567 2688 sed
592 2626 699 2687 etiam
722 2645 873 2708 magnae
895 2627 1068 2708 pecuniae
1086 2628 1131 2688 ab
1147 2627 1250 2688 hoste
1267 2628 1423 2706 superbo
1448 2626 1491 2687 iis
1515 2626 1721 2708 imperatae,
1745 2648 1791 2690 ex
1808 2628 1938 2692 biblio-

198 2767 312 2830 thecis
340 2765 539 2846 eeterisque
571 2765 840 2827 collecti0nibus
867 2783 925 2827 res
953 2764 1199 2844 pretiossimae
1228 2765 1370 2827 ablatae
1403 2775 1495 2827 sunt.
1542 2764 1870 2847 Circumspectione
1900 2780 1938 2831 et

196 2903 403 2967 fortitudine
427 2903 608 2983 abbatum,
633 2902 668 2963 in
693 2902 820 2982 quibus
843 2902 968 2964 Benno
993 2901 1167 2983 ScoticuS,
1191 2901 1348 2965 isidorus
1373 2902 1600 2985 Mellicensis,
1626 2904 1842 2969 Godhardus
1858 2909 1936 2969 Ad·

196 3044 391 3106 montensis
415 3042 580 3122 eminent,
604 3041 738 3103 factum
762 3051 826 3122 est,
851 3050 889 3103 ut
912 3041 1000 3102 haec
1023 3040 1148 3122 gravia
1170 3041 1319 3103 vulnera
1342 3041 1514 3123 paulatim
1539 3054 1754 3108 curarentur.

328 3183 489 3244 Tandem
528 3181 736 3261 Napoleone
772 3179 868 3241 victo
904 3179 1011 3241 etiam
1048 3179 1084 3242 in
1121 3192 1234 3242 terras
1269 3180 1480 3243 Austriacas
1520 3182 1672 3244 candida
1704 3179 1779 3263 'pax
1813 3184 1933 3248 rediit.

196 3321 271 3383 Iam
295 3323 381 3383 ordo
405 3340 470 3403 pro
488 3319 623 3383 viribus
640 3339 784 3382 munere
801 3339 865 3381 suo
881 3318 983 3401 fungi
1003 3319 1132 3400 coepit.
1164 3320 1296 3381 Verum
1314 3319 1421 3381 etiam
1442 3329 1516 3381 tum
1533 3319 1614 3382 illae
1631 3322 1731 3403 leges
1747 3323 1934 3406 vigebant,

196 3458 325 3540 quibus
348 3459 497 3521 liberum
527 3479 606 3522 cum
633 3460 720 3521 sede
749 3457 946 3538 apostolica
975 3457 1223 3519 commercium
1251 3458 1522 3539 prohibebatur,
1555 3468 1604 3556 et,
1625 3459 1838 3522 novitiorum
1870 3481 1934 3523 ex-

196 3598 314 3679 ceptio
331 3597 367 3660 in
383 3596 655 3680 magistratuum
672 3597 817 3659 arbitrio
834 3606 920 3676 erat,
945 3606 1052 3676 atque
1069 3614 1218 3657 censura
1234 3597 1279 3657 ad
1296 3615 1419 3657 omnes
1435 3596 1555 3676 libros,
1580 3595 1687 3658 etiam
1704 3598 1750 3658 ad
1771 3598 1933 3661 ordinem

194 3738 320 3800 missas
345 3736 548 3798 celebrandi
572 3744 607 3797 et
631 3737 736 3797 horas
761 3735 950 3797 canonicas
974 3733 1147 3796 recitandi
1170 3733 1383 3814 pertinebat,
1415 3743 1451 3796 et
1479 3734 1670 3797 abbatibus
1699 3737 1744 3797 de
1773 3737 1932 3798 moribus

194 3875 369 3938 sodalium
393 3876 439 3936 ad
461 3872 693 3956 magistratus
715 3873 847 3935 referre
870 3873 1194 3954 praescribebatur.

325 4013 441 4076 Etiam
465 4023 539 4075 tum
569 4013 605 4073 in
633 4011 829 4092 disciplinis
860 4012 1072 4094 theologicis
1102 4012 1161 4073 ille
1188 4011 1469 4093 rationalismus,
1499 4025 1538 4074 ut
1561 4014 1676 4094 aiunt,
1700 4013 1870 4097 florebat,
1894 4029 1933 4078 et

198 4151 350 4214 ecclesia
374 4149 549 4213 catholica
573 4151 608 4212 in
632 4149 862 4213 nationalium
886 4149 1073 4212 ecelesiam
1099 4159 1315 4212 commutata
1338 4160 1415 4213 erat
1434 4152 1468 4230 ⁵).

322 4288 390 4351 Hic
423 4289 614 4368 aliquando
647 4290 713 4350 sub
743 4288 890 4370 imperio
920 4288 1136 4351 FerdInandi
1166 4290 1191 4352 I.
1224 4292 1479 4371 (1835—1848),
1512 4291 1568 4353 eui
1602 4291 1767 4353 clementi
1796 4313 1929 4358 nomen

192 4441 248 4492 est
271 4429 430 4509 inditum,
453 4427 531 4490 fieri
554 4430 599 4490 ad
624 4428 805 4490 mellorem
828 4447 928 4509 spem
952 4428 1132 4491 inclinatio
1157 4440 1212 4490 est
1228 4428 1315 4492 visa.
1346 4428 1414 4490 Hic
1440 4429 1684 4492 Benedictinis
1700 4430 1933 4494 Murensibus

189 4563 306 4571 ———·

323 4632 345 4711 ι)
370 4635 475 4708 Egger
498 4633 516 4689 l.
541 4651 567 4688 c.
593 4633 645 4688 ΙΙΙ.

322 4745 343 4824 ²)
367 4747 480 4813 FriesS,
505 4744 632 4802 Studien
656 4744 674 4800 l.
699 4763 725 4801 c.
750 4744 785 4801 V.

319 4860 343 4938 ³)
367 4858 554 4915 Geschichte
577 4876 637 4913 von
660 4858 767 4913 Fiecht
789 4858 848 4913 und
872 4856 994 4914 Staffler
1017 4857 1035 4914 l.
1061 4876 1086 4913 c.

319 4969 342 5048 4)
365 4973 490 5028 Praeter
526 4988 650 5043 magnas
683 4971 826 5045 pecunias
857 4971 1039 5025 monasteria
1073 4984 1152 5041 1793
1186 4983 1216 5025 et
1253 4963 1333 5026 1810
1363 4971 1465 5025 omnia
1495 4987 1569 5025 vasa
1607 4969 1815 5026 ecclesiastica
1849 4989 1927 5027 auro

190 5097 356 5159 argentove
380 5084 518 5141 confecta
542 5085 630 5139 etiarn
655 5085 825 5139 ostensoria
848 5096 878 5138 et
901 5083 1011 5139 calices
1035 5101 1091 5157 pro
1116 5084 1196 5138 tenui
1220 5084 1467 5157 compensatione
1494 5080 1632 5138 conferre
1659 5084 1741 5138 iussa
1764 5096 1844 5138 sunt.

319 5195 342 5274 ⁵)
374 5197 505 5263 Beidtel‚
538 5196 809 5269 Untersuchungen
840 5192 914 5250 tiber
950 5195 997 5250 die
1034 5194 1219 5250 kirchlichen
1250 5194 1401 5250 Zustainde
1440 5195 1468 5249 in
1507 5194 1712 5250 Oesterreich.
1758 5195 1926 5252 Francisco

191 5311 355 5384 imperante
379 5326 500 5382 quoque
525 5308 609 5383 leges
633 5309 670 5364 de
687 5308 845 5383 disciplina
862 5308 937 5363 latas
955 5326 1023 5363 esse
1039 5306 1142 5363 videre
1163 5307 1233 5363 licet
1249 5326 1285 5362 ex
1301 5307 1426 5362 decreto
1442 5324 1470 5362 a.
1488 5306 1515 5362 d.
1533 5307 1584 5363 VI.
1602 5305 1751 5363 Calendas
1767 5307 1926 5365 Ianuarias

194 5421 272 5478 1822
299 5422 502 5496 promulgato
527 5440 588 5494 quo
612 5422 649 5477 de
672 5419 775 5476 habitu
799 5421 912 5477 ordinis
937 5419 1011 5476 loris
1035 5420 1146 5475 utendo
1170 5421 1259 5476 etde
1283 5421 1421 5476 clausura
1446 5433 1516 5475 cett.
1542 5416 1820 5495 praescribebatur.
