4252 6112
921 427 1202 497 -268-

191 649 258 694 nae
274 629 309 693 in
326 630 473 693 Austria
489 639 594 693 natus
610 630 728 694 studia
739 630 968 694 humanitatis
985 638 1022 693 et

191 751 439 835 philosophiae
450 752 611 815 Viennae
620 752 804 834 percurrit,
816 752 945 835 quibus
959 755 1022 815 ab·

191 874 316 938 solutis
336 894 364 938 s,
380 875 540 938 habitum
560 875 699 947 sumsit:
722 875 924 959 theologiae
946 874 1021 938 uni·

191 1016 314 1060 versas
329 1005 452 1079 partes
464 997 499 1059 in
512 996 675 1060 instituto
687 997 889 1079 theologico
902 997 1020 1060 dome·

192 1119 282 1182 stico
303 1120 454 1182 edoctus
475 1119 657 1183 sollemnia
677 1128 763 1182 vota
787 1120 844 1183 die
867 1140 917 1199 27.
934 1121 1020 1184 Dec.

197 1246 275 1305 1802
298 1240 481 1324 professus
502 1241 748 1305 sacerdotibus
768 1242 1021 1304 adnumeratus

194 1363 250 1417 est
273 1355 330 1417 die
355 1375 405 1433 24.
429 1355 503 1419 Iun.
533 1358 623 1433 1804.
653 1358 819 1434 1804-36
841 1353 1022 1438 professor

194 1476 377 1540 doctrinae
393 1477 574 1559 religionis
590 1478 626 1540 in
642 1476 839 1560 gymnasio,
861 1478 908 1540 ab
930 1495 1022 1540 anno

197 1603 276 1661 1812
302 1597 406 1660 simul
429 1599 540 1661 musei
564 1598 768 1681 praefectus
795 1610 832 1661 et
853 1598 1023 1662 historiae

193 1720 365 1784 naturalis
388 1731 615 1803 praeceptor,
645 1725 725 1784 1836
750 1730 891 1784 moneta
915 1741 1024 1784 aurea

194 1844 326 1907 maiore
342 1845 531 1907 decoratus
547 1845 593 1906 ad
610 1845 802 1927 regendam
819 1845 1024 1926 parochiam

194 1966 443 2029 Buchkirchen
471 1985 490 2028 e
517 1967 732 2030 monasterio
756 1967 931 2049 discessit,
960 1968 1024 2031 sed

195 2108 317 2152 mense
331 2087 523 2150 Decembri
539 2088 622 2151 anni
638 2089 859 2171 insequentis
880 2089 1024 2153 dimissa

195 2211 365 2292 parochia
388 2211 493 2273 rediit
513 2210 548 2273 in
568 2211 834 2285 monasterium
862 2214 908 2275 ab
932 2232 1024 2276 anno

200 2335 276 2410 1841
296 2352 375 2394 cum
391 2332 535 2414 parochi
554 2333 739 2396 domestici
760 2334 876 2397 locum
892 2334 1025 2398 tenuis·

197 2465 262 2536 set,
283 2453 467 2535 professus
490 2454 665 2518 iubilaeus
689 2455 777 2519 obiit
803 2478 827 2518 1.
844 2457 908 2521 Iul.
935 2461 1025 2523 1853.

284 2576 438 2639 Exstant
469 2576 544 2639 eius
575 2577 655 2640 libri
690 2578 786 2660 typis
818 2580 941 2642 excusi
971 2600 1025 2642 se-

198 2707 362 2782 quentes:

285 2825 307 2880 Ι.
335 2823 505 2882 Handbuch
532 2825 586 2882 der
612 2826 944 2903 Religionsgeschichte
972 2829 1025 2885 des

198 2928 279 2986 alten
303 2929 362 2986 und
385 2948 482 2986 neuen
502 2930 631 2988 Bundes.
658 2928 688 3010 (i.
714 2951 739 2989 e.
764 2931 858 2990 Liber
880 2934 1025 2990 manualis

197 3033 342 3091 historiae
358 3037 470 3091 veteris
487 3049 517 3091 et
529 3037 598 3092 novi
616 3033 768 3115 foederis.)
784 3037 884 3105 Wien‚
898 3037 1024 3095 Gerold.

203 3136 294 3210 1813.
312 3138 354 3196 8⁰.
371 3136 528 3217 31011110.
546 3139 657 3216 16841,
675 3142 712 3198 ΙΙ.
735 3156 793 3216 150
806 3162 845 3218 p.‚
864 3143 916 3198 111.
930 3157 970 3215 59
983 3139 1026 3219 p.)

286 3243 323 3300 ll.
349 3245 569 3320 Messgesange
592 3244 639 3302 fiir
661 3246 717 3302 den
739 3246 950 3304 Gottesdienst
973 3246 1028 3303 der

199 3347 392 3405 studirdnden
407 3348 534 3424 Jugend.
559 3345 632 3426 (1.0.
654 3351 764 3425 Hymni
789 3354 866 3407 sacri
892 3353 920 3407 in
942 3370 1027 3407 usum

199 3451 354 3509 studiosae
368 3450 550 3530 iuventutis.)
562 3450 661 3529 Steyr⁸
671 3453 773 3510 Greis.
788 3453 877 3528 1807.
893 3455 934 3512 8⁰.
946 3470 985 3528 29
999 3474 1028 3530 p.

286 3558 338 3613 111.
364 3557 507 3631 Geshnge
526 3577 579 3612 zur
599 3558 789 3616 dfientlichen
810 3558 1029 3616 Gottesvereh-

200 3681 276 3737 rung
292 3662 345 3718 der
361 3662 555 3719 studirenden
570 3664 686 3739 Jugend
707 3683 754 3720 am
776 3663 972 3740 Gymnasium
994 3683 1030 3718 zu

200 3768 452 3823 Kremsmiinster.
470 3762 499 3843 (i.
515 3786 540 3823 e.
554 3767 663 3843 Hymni
677 3770 754 3823 sacri
773 3771 800 3824 in
818 3789 902 3826 usum
916 3769 1030 3827 studio·

201 3888 303 3928 sorum
321 3873 459 3927 iuvenum
477 3870 765 3952 Cremilanensium.)
786 3875 870 3942 Linz,
889 3877 1029 3932 Kastner.

207 3974 297 4047 1815.
314 3973 356 4032 8⁰.
374 3973 413 4046 48
431 3995 460 4051 p.

289 4080 339 4136 IV.
362 4078 506 4154 Gesange
529 4080 584 4137 der
604 4081 741 4139 Andacht
764 4103 816 4140 zur
841 4085 1031 4142 offentlichen

204 4182 488 4258 Gottesverehrung
503 4202 541 4240 an
558 4186 766 4253 katholischen
782 4188 878 4244 Lehr·
896 4189 956 4244 und
974 4189 1032 4245 Bil-

203 4286 461 4360 dungsanstalten,
484 4291 540 4344 wie
560 4290 637 4345 auch
654 4288 700 4346 fiir
715 4290 827 4347 andere
844 4288 1034 4348 katholische

204 4390 391 4447 Gemeinden
403 4392 595 4449 anwendbar.
609 4389 639 4470 (1.
651 4412 677 4450 0.
692 4394 800 4469 Hymni
814 4397 893 4452 sacri
907 4397 935 4450 in
950 4416 1032 4452 usum

204 4497 427 4571 gymnasiorum
446 4496 663 4553 catholicorum
679 4498 865 4574 aliorumque
882 4502 1033 4557 instituto·

204 4595 290 4677 rum.)
315 4601 398 4665 Lina,
420 4602 449 4655 in
465 4601 665 4658 Commission
686 4600 738 4659 bei
759 4604 783 4659 F
787 4604 845 4660 inlr.
876 4603 965 4677 1823.
991 4604 1033 4662 8⁰.

206 4702 267 4777 264
284 4724 314 4780 p.
332 4704 432 4762 Editio
448 4705 544 4762 altera
557 4706 713 4763 emendata
725 4707 837 4783 prodiit
850 4710 947 4766 Lincii
964 4706 1033 4766 ibid.

209 4808 300 4883 1841.
323 4808 365 4867 8⁰.
389 4808 450 4882 264
468 4829 497 4885 p.
523 4810 624 4867 Editio
645 4813 733 4867 tertia
750 4812 907 4870 emendata
924 4814 1036 4890 prodiit

199 4916 348 4996 ‘Viennae
371 4915 463 4972 Auer.
490 4914 580 4990 1857.
605 4914 647 4973 8⁶.
673 4915 734 4989 264
755 4936 784 4993 p.
811 4916 942 4975 Secutae
966 4935 1035 4977 sunt

206 5019 309 5097 plures
326 5020 474 5077 editiones
490 5039 550 5077 non
567 5034 707 5078 mutatae.

291 5132 413 5226 Lang
444 5144 704 5207 Romualdus
737 5144 1033 5227 (6101011011οη-

206 5259 301 5341 sis),
327 5272 433 5324 antea
458 5261 620 5344 Carolus,
648 5264 682 5326 in
710 5267 797 5327 urbe
825 5266 1034 5346 provinciali

207 5379 309 5442 Wels
326 5383 518 5463 superioris
535 5384 704 5448 Austriae
721 5386 778 5448 die
800 5406 845 5448 12.
860 5386 938 5451 001.
952 5393 1029 5455 1821

1100 636 1215 709 natus,
1236 628 1412 710 gymnasii
1429 627 1547 691 studia
1563 626 1768 709 Cremifani,
1792 645 1938 690 cursum

1098 749 1383 832 philosophicum
1392 748 1504 812 Lincii
1516 748 1683 823 confecit;
1698 748 1758 812 die
1773 769 1824 811 11.
1835 748 1936 831 Sept.

1105 875 1180 950 1841
1205 891 1233 933 s.
1250 871 1382 934 ordinis
1404 880 1505 934 veste
1530 871 1674 934 indutus
1696 880 1832 934 exacto
1854 871 1937 934 tiro·

1101 992 1192 1056 cinio
1201 992 1403 1075 theologiae
1413 992 1583 1077 mysteria
1591 993 1626 1056 in
1639 993 1742 1076 lyceo
1753 990 1938 1055 Linciensi

1100 1115 1231 1187 hausit:
1257 1115 1386 1178 emissa
1408 1114 1466 1178 die
1488 1134 1539 1196 ²7·
1556 1114 1651 1199 Aug.
1670 1118 1751 1193 1845
1769 1123 1937 1177 votorum

1100 1233 1335 1316 promissione
1356 1243 1393 1298 et
1414 1234 1577 1299 confecto
1598 1234 1806 1319 theologiae
1831 1254 1936 1299 cursu

1101 1356 1322 1440 insequentis
1349 1357 1433 1419 anni
1456 1356 1514 1419 die
1546 1360 1593 1421 18.
1616 1356 1681 1420 Iul.
1707 1359 1937 1422 sacerdotum

1102 1479 1209 1542 choro
1236 1489 1458 1562 aggregatus
1486 1486 1551 1541 est.
1590 1477 1791 1562 Neomysta
1818 1478 1936 1542 cathe-

1103 1603 1202 1664 dram
1216 1599 1423 1664 conscendit
1439 1609 1476 1663 et
1492 1604 1659 1679 1846-49
1672 1599 1936 1683 philosophiam

1102 1724 1138 1786 in
1164 1724 1266 1806 lyceo
1291 1721 1426 1795 docuit;
1451 1721 1636 1784 immutata
1659 1721 1862 1785 studiorum
1885 1728 1942 1784 ra·'

1103 1845 1200 1909 tione
1223 1847 1269 1908 ab
1298 1848 1378 1923 1849
1401 1853 1544 1926 praeter
1566 1842 1834 1926 philosophiam
1860 1862 1936 1926 pro·

1103 1966 1352 2050 paedeuticam
1375 1964 1634 2049 geographiam
1657 1984 1804 2047 quoque
1827 1977 1867 2029 et
1888 1965 1936 2028 hi·

1105 2088 1249 2152 storiam
1262 2087 1450 2150 iuvenibus
1462 2085 1610 2150 tradidit
1622 2106 1736 2169 usque
1748 2089 1799 2150 ad
1808 2106 1935 2150 annum

1105 2209 1355 2273 scholasticum
1372 2213 1463 2289 1865,
1480 2228 1526 2271 ex
1539 2229 1609 2291 quo
1622 2228 1715 2271 anno
1727 2209 1843 2271 solam
1855 2228 1936 2292 geo·

1105 2332 1291 2416 graphiam
1308 2340 1344 2394 et
1360 2329 1543 2393 historiam
1559 2329 1803 2413 professorum
1824 2331 1938 2395 senior

1107 2454 1143 2518 in
1159 2454 1348 2539 gymnasio
1365 2453 1547 2534 superiore
1563 2454 1678 2515 docet.

1192 2576 1256 2639 Vir
1272 2576 1398 2639 studiis
1415 2585 1451 2637 et
1466 2576 1620 2658 legendo
1633 2574 1829 2637 admodum
1844 2573 1940 2637 dedi·

1105 2710 1163 2763 tus
1179 2699 1278 2783 typis
1294 2697 1470 2781 vulgavit:

1193 2826 1256 2881 Das
1278 2822 1479 2882 Unbewusste
1502 2825 1541 2879 im
1561 2822 1735 2880 Menschen.
1761 2819 1940 2901 (Tractatus

1106 2925 1726 3007 psychologicus.)Gymnasialprogramm.
1738 2927 1827 2995 Linz,
1835 2927 1939 2984 Druck

1106 3053 1166 3091 von
1181 3033 1391 3107 Feichtingers
1408 3029 1520 3088 Erben.
1542 3029 1631 3106 1859.
1654 3037 1697 3103 4⁰.
1721 3045 1763 3088 20
1781 3051 1811 3107 p.
1828 3032 1942 3106 Verlag

1107 3138 1160 3195 der
1176 3139 1344 3194 Direction.

1194 3304 1444 3396 Langegger
1476 3310 1686 3372 Andreas
1723 3308 1943 3393 (Cremifa

1109 3431 1281 3511 nensis),
1314 3427 1527 3491 Austriacus
1558 3426 1855 3511 Cremifanensis,
1889 3429 1944 3491 die

1111 3574 1161 3616 22.
1179 3558 1253 3616 Oct.
1275 3572 1351 3631 1711
1372 3561 1487 3630 natus,
1509 3549 1545 3612 in
1565 3549 1753 3632 gymnasio
1772 3550 1945 3616 Cremifa·

1110 3675 1221 3755 nensi,
1246 3674 1374 3736 deinde
1399 3673 1434 3734 in
1461 3671 1556 3735 univ.
1581 3670 1855 3754 Salisburgensi
1878 3675 1945 3737 rite

1111 3797 1293 3860 institutus
1314 3794 1473 3858 sollemni
1490 3804 1652 3856 votorum
1675 3794 1870 3859 emissione
1892 3797 1970 3859 die·

1112 3940 1162 3998 ²9·
1177 3917 1276 4000 Sept.
1295 3922 1372 3996 1731
1392 3916 1489 3978 facta
1505 3915 1688 3978 sodalibus
1700 3914 1950 3982 Cremifanen-

1112 4040 1210 4102 sibus
1226 4039 1428 4120 adscriptus
1446 4046 1516 4107 est;
1538 4045 1675 4118 postea,
1697 4047 1736 4100 ut
1756 4040 1878 4102 sacris
1895 4042 1951 4104 lit·

1112 4162 1198 4226 teris
1214 4182 1360 4244 operam
1373 4164 1474 4223 daret
1488 4160 1662 4241 simulque
1675 4159 1824 4243 linguae
1837 4160 1952 4227 Galli·

1113 4305 1176 4348 cae
1190 4287 1360 4365 studeret,
1370 4283 1617 4365 Salisburgum
1630 4282 1801 4347 remissus
1814 4295 1854 4349 01
1867 4286 1954 4349 doc·

1113 4409 1200 4471 toris
1217 4406 1419 4489 theologiae
1435 4406 1556 4466 laurea
1573 4414 1761 4467 coronatus
1779 4410 1954 4470 sacerdo-

1114 4530 1177 4593 tali
1193 4548 1337 4597 munere
1354 4529 1411 4590 die
1433 4531 1478 4590 15.
1496 4528 1591 4610 Aug.
1613 4530 1693 4605 1738
1714 4526 1833 4608 primo
1848 4527 1955 4594 func-

1114 4662 1172 4714 tus
1200 4660 1264 4714 est.
1304 4656 1466 4730 1739-41
1500 4649 1535 4712 in
1562 4648 1746 4711 academia
1773 4650 1955 4714 nobilium

1115 4773 1374 4838 Cremifanensi
1400 4771 1660 4854 philosophiam
1689 4771 1832 4845 docuit;
1871 4794 1952 4854 1741

1114 4902 1243 4977 -1740
1254 4895 1495 4979 cooperatoris
1505 4895 1541 4957 in
1550 4884 1824 4958 Weisskirchen
1833 4896 1956 4961 locum

1114 5021 1245 5095 tenuit;
1279 5023 1452 5099 1746-51
1489 5017 1524 5080 in
1555 5017 1649 5079 univ.
1679 5015 1956 5103 Salisburgensi

1115 5142 1253 5205 ethicae
1279 5153 1315 5205 et
1339 5140 1523 5221 historiae,
1552 5143 1718 5219 1751-56
1743 5140 1956 5225 theologiae

1114 5264 1258 5328 moralis
1271 5263 1462 5346 professor,
1476 5261 1653 5344 virginum
1666 5262 1956 5329 Lauretanarum

1115 5405 1216 5449 sacer
1240 5387 1456 5466 moderator,
1483 5383 1669 5447 celsissimi
1692 5383 1871 5467 principis
1901 5408 1956 5451 ar·
