4222 6106
842 557 881 565 -
928 520 1120 582 XXXVII
1166 557 1206 566 -

156 746 410 827 (rozo-1657),
428 746 614 807 Amandus
631 747 882 826 (1657—1073),
907 746 1115 807 Edmundus
1133 746 1372 826 (1673-1702)
1391 746 1435 806 ad
1452 765 1479 808 s.
1492 747 1648 826 Petrum,
1666 746 1816 808 Ioannes
1832 745 1894 809 IV.

153 884 406 966 (1581—1614),
432 884 599 946 Urbanus
624 887 892 964 (1614-1659),
918 881 1145 946 Godofredus
1169 883 1231 946 III.
1259 884 1530 965 (lopo—1702),
1563 903 1668 964 quem
1692 884 1895 964 Leopoldus

152 1023 351 1103 imperator
363 1021 669 1103 religiosissimum
684 1025 852 1085 abbatem
865 1021 1069 1102 nominavit,
1080 1022 1108 1082 F
1111 1022 1293 1083 ranciscus
1308 1022 1547 1101 (1662—1707)
1560 1024 1606 1084 ad
1620 1042 1646 1084 s.
1657 1022 1894 1100 Lambertum,

155 1160 311 1221 Alexius
337 1162 594 1241 (1617-1621),
628 1159 805 1242 Georgius
831 1161 1082 1240 (ron-1642),
1108 1171 1272 1221 strenuus
1296 1159 1464 1220 defensor
1486 1158 1569 1221 fidei
1594 1159 1801 1238 catholicae,
1826 1160 1895 1221 Ed-

154 1300 306 1361 mundus
324 1300 576 1380 (1682—1725),
594 1300 685 1361 alter
701 1298 870 1361 fundator
887 1308 1123 1380 nuncupatus,
1140 1296 1408 1377 OssiachenseS,
1428 1298 1633 1360 IoannesV.
1654 1299 1893 1379 (rozo-1641)

154 1449 191 1500 et
214 1438 437 1500 Aemilianus
461 1439 701 1519 (1727—1744)
727 1438 1086 1517 Arnoldsteinenses,
1115 1436 1303 1517 Philippus
1329 1439 1567 1517 (mor-1677)
1601 1447 1637 1500 et
1667 1439 1840 1501 Albertus
1867 1439 1894 1500 Ι.

156 1578 399 1658 (1677-1727)
425 1575 702 1658 Sanpaulenses

284 1717 355 1777 Pro
392 1714 509 1778 officio
544 1715 678 1777 ordinis
708 1714 771 1776 filii
803 1734 828 1776 s
860 1714 1048 1776 Benedicti
1080 1733 1159 1775 cum
1189 1714 1482 1794 protestantismo
1513 1734 1578 1794 per
1608 1715 1720 1776 valles
1749 1715 1895 1797 Alpium

154 1854 424 1917 Austriacarum
449 1855 635 1936 divulgato
658 1854 694 1916 in
718 1862 899 1917 certamen
924 1854 1186 1915 descenderunt
1210 1863 1245 1914 et
1268 1853 1399 1914 multos
1416 1853 1624 1915 fortitudine
1640 1862 1677 1915 et
1693 1853 1895 1916 constantia

154 1993 200 2053 ad
224 2012 346 2054 veram
368 1991 475 2055 fidem
498 1994 726 2055 reduxerunt.
766 1990 845 2071 Quo
869 1991 904 2052 in
928 1990 1046 2053 studio
1064 1991 1239 2052 nonnullis
1257 1989 1439 2053 beneficiis
1457 2011 1671 2053 summorum
1687 1991 1894 2073 pontificum

154 2140 191 2191 et
221 2130 474 2211 imperatorum
506 2130 778 2210 adiuvabantur,
810 2139 847 2192 et
877 2150 956 2192 cum
985 2149 1106 2192 omnes
1141 2130 1215 2191 fere
1245 2149 1323 2192 cum
1347 2130 1471 2192 Monte
1495 2130 1643 2193 Cassino
1672 2132 1782 2193 artius
1814 2151 1894 2193 con-

154 2269 396 2350 iungerentur,
425 2269 529 2332 huius
558 2289 699 2350 quoque
731 2269 808 2331 iura
838 2270 1034 2350 praecipua
1064 2270 1186 2350 adepti
1218 2279 1308 2331 sunt.
1356 2267 1526 2331 Similiter
1561 2290 1640 2331 cum
1672 2269 1894 2351 Germaniae,

155 2407 350 2488 praecipue
374 2406 539 2489 Sueviae,
568 2409 755 2487 Bavariae,
786 2407 1007 2470 Franconiae
1032 2407 1292 2488 Benedictinis,
1324 2409 1418 2469 unde
1449 2408 1549 2471 multi
1578 2409 1675 2490 agris
1706 2410 1801 2471 bello
1833 2410 1894 2471 tri-

155 2545 258 2628 ginta
275 2565 446 2608 annorum
462 2547 614 2608 vastatis
638 2547 672 2608 in
693 2547 909 2608 monasteria
926 2546 1119 2608 Austriaca
1136 2546 1371 2627 confugerant
1388 2554 1424 2608 et
1439 2546 1595 2628 benigne
1612 2547 1893 2629 excipiebantur,

155 2685 364 2746 societatem
388 2684 555 2747 artiorem
579 2685 732 2747 inierunt
747 2687 780 2765 ¹).
823 2685 949 2765 Itaque
974 2686 1061 2747 ordo
1085 2686 1120 2746 in
1144 2686 1247 2748 terris
1264 2685 1406 2766 Alpinis
1430 2705 1523 2747 nova
1546 2686 1764 2749 incrementa
1788 2687 1893 2768 cepit.

156 2823 196 2883 In
227 2822 337 2884 Tiroli
370 2833 488 2885 autem
520 2824 652 2885 maiore
685 2825 838 2904 quodam
870 2825 975 2904 copia
1004 2823 1131 2886 florere
1163 2825 1299 2904 coepit,
1336 2844 1414 2886 cum
1446 2822 1614 2887 Saebenii
1649 2829 1726 2887 1685
1763 2845 1892 2887 novum

156 2960 360 3024 monialium
385 2970 607 3043 exsurgeret,
632 2982 701 3041 quo
726 2962 864 3023 colonia
888 2982 933 3023 ex
958 2962 1172 3024 monasterio
1196 2961 1471 3043 Nonnbergensi
1495 2963 1649 3024 deducta
1673 2973 1737 3026 est.

288 3099 328 3161 In
352 3099 455 3161 terris
477 3119 563 3161 vero
586 3100 688 3181 regni
712 3101 896 3162 Bohemici
920 3102 1006 3162 ordo
1036 3120 1063 3164 s.
1088 3101 1292 3181 Benedicti,
1324 3110 1514 3182 postquam
1544 3102 1638 3163 bella
1668 3102 1893 3165 Hussitarum

157 3237 315 3318 paullum
340 3237 562 3318 quieverunt,
593 3240 695 3301 tarde
728 3258 749 3299 a
777 3239 1040 3300 calamitatibus
1071 3241 1117 3301 ad
1149 3259 1187 3301 se
1219 3239 1333 3301 rediit.
1379 3239 1469 3300 Nam
1500 3239 1604 3301 bellis
1636 3239 1744 3302 finitis
1776 3250 1895 3303 tamen

156 3375 316 3437 haeresis
338 3385 569 3457 remanserat,
593 3396 695 3457 quae,
725 3397 939 3458 quamquam
967 3397 1032 3457 pro
1060 3397 1156 3439 more
1190 3376 1361 3458 cuiusque
1392 3377 1551 3439 haeresis
1574 3378 1610 3439 in
1633 3379 1754 3458 plures
1777 3389 1896 3441 sectas

157 3514 415 3595 resolvebatur,
439 3524 559 3577 tamen
582 3514 649 3575 sibi
673 3528 842 3578 constans
865 3528 1023 3578 veterem
1048 3516 1201 3578 furorem
1226 3528 1261 3577 et
1286 3515 1405 3577 odium
1429 3516 1463 3577 in
1481 3516 1669 3578 ecclesiam
1686 3517 1895 3579 catholicam

159 3649 375 3714 effundebat.
408 3652 567 3715 Abbatia
584 3653 876 3735 BievnoviensiS,
899 3654 1054 3716 fecunda
1076 3654 1137 3716 illa
1160 3664 1282 3734 mater,
1307 3653 1403 3715 humi
1427 3665 1604 3734 prostrata
1627 3655 1778 3718 iacebat.
1810 3655 1895 3718 Eius

160 3789 349 3871 naufragia
373 3791 525 3852 Ioannes
548 3791 574 3853 I.
605 3812 684 3869 1449
708 3794 798 3854 adeo
822 3792 997 3874 conlegit,
1029 3801 1067 3854 ut
1098 3793 1242 3854 tandem
1275 3792 1480 3854 Braunavia
1501 3792 1760 3874 praepositura
1790 3795 1895 3856 sedes

161 3928 353 3990 abbatialis
384 3927 462 3990 fieri
491 3939 623 4011 posset.
670 3930 787 3992 Tanta
815 3950 901 3992 vero
931 3930 1094 4011 paucitas
1125 3930 1372 4011 religiosorum
1403 3931 1723 3994 Braunaviensium
1754 3952 1896 4012 quoque

160 4080 246 4145 erat,
271 4078 311 4129 ut
334 4070 449 4129 abbas
472 4068 508 4130 in
531 4071 621 4131 hanc
645 4089 773 4131 novam
798 4069 1084 4151 praeposituram
1100 4069 1229 4131 fratres
1247 4069 1440 4131 Cladrubia
1464 4071 1641 4131 deducere
1666 4081 1855 4152 cogeretur
1864 4073 1897 4151 ²).

160 4207 200 4268 In
216 4208 284 4268 hoc
300 4207 555 4269 monasterium
568 4217 706 4270 mortuo
720 4193 834 4288 Zizka,
848 4208 947 4270 cuius
964 4209 1099 4288 praeda
1117 4229 1193 4286 1421
1214 4207 1347 4270 factum
1365 4216 1451 4288 erat,
1468 4208 1615 4289 incolae,
1633 4209 1693 4288 qui
1709 4209 1754 4271 ad
1772 4210 1899 4272 fratres

158 4363 186 4404 s,
217 4343 420 4405 Emmerani
451 4344 736 4406 Ratisbonenses
770 4344 1020 4427 confugerant,
1056 4345 1237 4407 redierunt
1268 4355 1304 4407 et
1335 4346 1534 4407 Presticum
1566 4356 1602 4408 et
1634 4347 1899 4410 Tuschkaviam

158 4483 429 4564 praeposituras
453 4482 693 4545 restituerunt.
729 4481 802 4545 Sed
826 4483 1074 4564 praepositura
1096 4503 1121 4544 s.
1140 4482 1352 4545 Catharinae
1368 4482 1632 4567 Pfraumbergii
1647 4505 1761 4547 vacua
1776 4486 1900 4548 relicta

158 4630 215 4682 est
223 4623 257 4700 ³).
286 4619 504 4702 Ostrovium,
521 4622 667 4702 antiqua
679 4622 936 4702 praepositura,
954 4642 975 4683 a
988 4622 1230 4704 Pragensibus
1249 4642 1325 4698 1422
1341 4622 1416 4682 solo
1430 4632 1584 4701 aequata
1600 4623 1635 4684 in
1651 4623 1899 4704 praepositura

158 4779 185 4821 S.
210 4759 356 4821 Ioannis
385 4760 452 4820 sub
480 4760 600 4841 lapide
623 4761 767 4841 revixit,
796 4780 887 4841 quae
916 4771 999 4822 tunc
1029 4761 1133 4822 sedes
1164 4762 1333 4822 abbatum
1358 4758 1640 4823 Ostroviensium
1672 4760 1768 4822 facta
1797 4771 1851 4821 est
1866 4765 1899 4840 4).

263 5070 264 5074 Ἰ
296 5003 317 5084 Χ)
343 5006 470 5079 Czemy,
496 5005 551 5060 Ein
576 5005 703 5062 Tourist
727 5009 756 5062 in
781 5007 977 5062 Oesterreicb
1001 5005 1142 5062 wahrend
1166 5005 1220 5060 der
1244 5004 1482 5062 Scbwedenzeit.

290 5115 314 5194 2)
338 5119 512 5174 Chronicon
536 5120 711 5174 monasterii
735 5120 980 5174 Bievnoviensis.

291 5228 314 5307 3)
339 5229 539 5303 Ziegelbauer
562 5231 580 5286 l.
605 5250 631 5286 c.

290 5340 313 5421 ⁴)
338 5343 427 5400 Frind
458 5345 475 5402 l.
506 5365 532 5402 c.
566 5344 617 5399 IV.
655 5344 870 5399 Nonnullorum
903 5343 1080 5398 sententiam
1114 5341 1279 5398 monachos
1310 5341 1367 5398 sub
1399 5345 1545 5417 regimine
1577 5343 1699 5400 Ioannis
1727 5345 1763 5402 V.
1796 5342 1904 5424 (1518)

160 5456 328 5513 translatos
353 5475 418 5516 esse
440 5459 583 5518 Frindius
608 5455 725 5513 refellit.
