4222 6106
907 471 947 480 -
995 433 1121 496 XLIX
1168 471 1210 479 -

190 681 210 722 a
242 660 436 741 praefectis
466 659 666 723 Helveticis
701 665 776 739 1841
817 663 922 723 domo
957 658 1069 741 pulsis
1104 657 1209 721 Gries
1244 658 1497 721 monasterium
1534 657 1783 720 canonicorum
1813 678 1926 740 prope

192 800 384 862 Bolzanum
408 799 442 861 in
466 799 576 862 Tiroli
603 801 709 862 situm
738 801 784 860 ab
813 798 962 880 imperio
986 797 1161 860 Bavarico
1190 802 1268 876 1807
1302 796 1473 858 abolitum
1504 816 1584 858 cum
1615 796 1777 858 omnibus
1808 797 1927 859 fundis

192 939 377 1019 concessit,
402 947 441 1000 ut
464 949 559 1000 esset
583 937 771 1019 prioratus
819 938 977 1000 Eandem
1001 936 1288 999 benevolentiam
1312 935 1529 999 Ferdinandi
1551 956 1664 1019 nepos
1672 985 1681 1017 ,
1714 936 1925 1000 Franciscus

192 1078 378 1158 losephuS,
411 1077 472 1158 qui
501 1096 586 1139 vere
617 1086 721 1157 pater
752 1077 964 1157 populorum
996 1095 1087 1138 nunc
1118 1076 1363 1158 gubernacula
1392 1083 1508 1155 tenet,
1540 1075 1655 1137 ordini
1687 1095 1714 1137 s.
1739 1076 1927 1139 Benedicti

192 1225 361 1298 praestat.
407 1215 441 1276 Is
472 1214 649 1296 permisit,
681 1226 720 1277 ut
752 1215 914 1277 monachi
949 1216 983 1275 b.
1015 1214 1151 1277 Mariae
1182 1215 1227 1276 de
1257 1214 1446 1276 Praetalea
1479 1213 1606 1276 Dailae
1638 1215 1673 1276 in
1705 1215 1810 1278 Istria
1846 1219 1926 1277 1866

194 1353 403 1416 domicilium
427 1353 495 1415 sibi
519 1354 786 1434 constituerent,
815 1363 852 1415 et
880 1353 1021 1414 sodales
1039 1351 1335 1435 ‘congregationis
1359 1352 1599 1414 Beuronensis
1627 1353 1708 1435 lege
1734 1353 1927 1416 Borussica

198 1496 272 1570 1875
297 1512 345 1553 ex
368 1492 485 1572 patria
516 1491 610 1572 pulsi
643 1492 795 1573 primum
826 1491 862 1553 in
894 1490 1146 1553 monasterium
1177 1512 1203 1552 s.
1229 1490 1347 1553 Caroli
1371 1492 1415 1553 de
1438 1490 1591 1552 Volders
1623 1510 1735 1572 prope
1767 1492 1851 1554 Hall
1881 1493 1927 1553 ad

196 1627 328 1692 Oenum
361 1628 611 1711 confugerent,
648 1639 684 1692 et
724 1634 804 1691 1880
835 1649 899 1710 per
930 1628 1144 1690 cardinalem
1179 1629 1223 1690 de
1256 1626 1559 1710 Schwarzenberg
1594 1629 1629 1690 in
1663 1629 1926 1710 possessiouem

198 1766 397 1828 monasterii
421 1766 601 1828 Emautini
626 1767 820 1849 Pragensis
843 1766 1017 1830 venirent.

322 1905 431 1967 Brevi
462 1906 568 1967 etiam
599 1917 684 1968 vota
721 1905 1023 1986 exaudiebantur,
1055 1914 1094 1967 ut
1124 1906 1211 1967 ordo
1242 1906 1352 1967 artius
1389 1925 1467 1967 cum
1500 1906 1586 1966 sede
1618 1905 1815 1985 apostolica
1847 1925 1928 1968 con-

200 2043 410 2125 iungeretur,
423 2043 544 2123 itaque
561 2043 637 2105 eius
655 2043 865 2106 instauratio
883 2052 1166 2124 praepararetur.
1196 2041 1296 2122 Quae
1312 2051 1398 2105 vota
1414 2062 1435 2102 a
1456 2041 1625 2103 cardinali
1642 2043 1687 2104 de
1701 2040 1927 2105 Schwarzen·

200 2183 291 2262 berg,
317 2181 588 2262 archiepiscopo
612 2180 879 2264 Salisburgensi
903 2189 939 2243 et
962 2180 1113 2261 primate
1134 2179 1346 2243 Germaniae
1369 2200 1499 2263 magno
1523 2199 1631 2260 opere
1655 2180 1926 2243 adiuvabantur.

201 2319 271 2381 Hoc
295 2320 566 2401 archiepiscopo
591 2328 735 2382 auctore
764 2340 785 2381 a
813 2339 915 2383 sacra
943 2319 1220 2402 congregatione
1253 2320 1498 2401 episcoporum
1531 2329 1567 2381 et
1597 2320 1812 2402 regularium
1843 2330 1925 2382 ante

201 2459 284 2521 diem
310 2459 454 2521 tertium
478 2458 654 2521 Calendas
678 2458 824 2540 Apriles
848 2458 931 2520 anni
959 2463 1037 2536 1842
1064 2459 1246 2521 decretum
1270 2469 1334 2540 est,
1359 2467 1398 2519 ut
1421 2458 1498 2540 ipse
1521 2457 1685 2521 visitator
1708 2458 1927 2539 apostolicus

201 2598 295 2659 trium
326 2617 495 2659 annorum
525 2597 637 2678 fieret,
670 2597 773 2678 eique
799 2606 960 2678 potestas
984 2599 1128 2660 daretur
1161 2597 1329 2680 ,idoneas
1360 2616 1532 2678 personas
1564 2596 1826 2659 ecclesiasticas
1857 2596 1925 2658 sibi

201 2736 384 2797 benevisas
417 2736 451 2797 in
486 2735 759 2798 convisitatores
790 2746 895 2816 prout
925 2736 959 2796 in
991 2735 1144 2797 Domino
1180 2734 1410 2798 iudicaverit“
1449 2735 1618 2817 eligendi,
1643 2735 1710 2821 *qui
1740 2734 1927 2797 visitarent

200 2875 407 2936 monasteria
430 2885 502 2936 tam
527 2874 561 2935 in
586 2874 827 2955 spiritualibus
852 2894 957 2955 quam
981 2874 1016 2935 in
1040 2874 1313 2955 temporalibus;
1344 2873 1518 2953 simulque
1542 2875 1616 2948 hoc
1632 2874 1837 2936 mandatum
1861 2882 1926 2953 est,

197 3021 230 3074 ut
252 3012 468 3075 monasteria
492 3023 528 3073 et
551 3032 616 3074 sua
639 3024 675 3074 et
700 3013 915 3076 dioecesium
939 3014 1179 3076 subiectarum
1208 3012 1518 3096 (SalisburgensiS,
1550 3012 1757 3094 Gurcensis‚
1786 3013 1926 3075 Lavan·

194 3151 311 3231 tensis,
344 3150 581 3230 Brixinensis,
610 3150 852 3230 Tridentinae)
885 3151 1164 3233 congregatione
1194 3150 1286 3213 inter
1316 3170 1355 3214 se
1387 3151 1628 3233 coniungeret.
1675 3151 1776 3214 Haec
1808 3160 1926 3214 tamen

190 3306 363 3369 prospere
388 3300 516 3369 coepta
540 3309 618 3350 cum
642 3289 720 3350 aliis
743 3292 860 3369 rebus,
884 3299 958 3351 tum
982 3289 1156 3352 seditione
1180 3290 1239 3351 illa
1263 3290 1345 3352 anni
1366 3294 1457 3372 1848,
1482 3310 1551 3371 qua
1575 3310 1645 3353 non
1668 3291 1781 3352 solum
1805 3309 1925 3352 mona-

186 3426 298 3488 steria
323 3427 387 3488 sed
412 3427 596 3508 imperium
620 3427 737 3508 ipsum
760 3427 795 3489 in
820 3428 1009 3489 discrimen
1033 3438 1198 3490 vocatum
1223 3437 1288 3509 est,
1312 3429 1358 3489 ad
1382 3428 1525 3491 inritum
1548 3429 1694 3492 redacta
1718 3438 1809 3493 sunt.

319 3566 392 3627 Vix
408 3586 492 3627 vero
516 3568 605 3628 haec
622 3567 734 3648 pestis
758 3567 965 3629 fortitudine
983 3567 1163 3629 exercitus
1178 3567 1324 3630 victoris
1349 3567 1536 3648 exstincta,
1560 3577 1748 3648 terraeque
1772 3576 1925 3649 pacatae

183 3715 301 3785 erant,
326 3724 405 3765 cum
429 3706 561 3767 ordinis
585 3706 797 3768 instauratio
822 3707 938 3767 denuo
961 3704 1037 3768 fieri
1062 3715 1190 3787 coepta
1214 3716 1278 3768 est.
1325 3705 1480 3767 Thomas
1507 3707 1621 3766 abbas
1649 3703 1925 3767 Cremifanensis

181 3842 404 3905 monasteria
427 3844 557 3905 artiore
581 3844 723 3906 vinculo
750 3844 842 3906 inter
866 3863 904 3905 se
929 3844 1179 3906 coniuncturus
1211 3863 1289 3906 cum
1321 3862 1442 3905 eorum
1474 3843 1665 3905 abbatibus
1693 3847 1770 3905 1852
1804 3843 1924 3925 legum

180 3981 496 4043 adumbrationem
527 3982 816 4062 communicavit,
854 4002 1000 4062 quarum
1033 4001 1168 4044 summa
1199 3990 1290 4063 erat,
1325 3991 1364 4043 ut
1394 3980 1647 4043 monasterium
1679 3982 1845 4062 quodque
1877 3983 1923 4042 ab

181 4120 320 4182 abbate
345 4120 455 4181 libere
480 4120 594 4182 electo
618 4129 812 4203 regeretur,
837 4120 954 4182 omnia
977 4139 1063 4182 vero
1086 4120 1302 4183 monasteria
1318 4120 1634 4201 congregationem
1658 4120 1796 4201 inirent,
1821 4120 1924 4200 eique

184 4276 336 4336 praeses
360 4269 395 4319 et
421 4259 490 4320 duo
514 4259 665 4320 abbates
689 4258 724 4320 in
748 4239 900 4321 comitiis
923 4259 1152 4341 generalibus
1175 4259 1282 4322 electi
1304 4271 1524 4341 praeessent.
1570 4260 1618 4322 Hi
1646 4261 1752 4323 tertio
1781 4280 1921 4342 quoque

186 4414 280 4457 anno
305 4396 423 4457 omnia
447 4396 663 4458 monasteria
686 4396 884 4460 visitarent.

320 4534 490 4597 Similiter
511 4534 670 4615 episcopi
688 4534 1093 4617 Austriaco-Hungarici
1121 4539 1201 4613 1849
1225 4546 1262 4599 et
1282 4541 1364 4599 1850
1379 4537 1615 4600 Vindobonae
1640 4547 1675 4601 et
1700 4535 1818 4600 Grazii
1842 4556 1923 4599 con-

191 4674 331 4755 gregati
361 4683 401 4735 ut
431 4672 549 4735 omnia
580 4673 795 4736 monasteria
825 4673 875 4735 ita
906 4673 1160 4735 Benedictinos
1196 4673 1232 4736 in
1267 4674 1390 4737 melius
1427 4675 1643 4738 constituere
1678 4677 1923 4738 decreverunt.

195 4809 292 4889 Quod
318 4830 397 4873 cum
421 4811 582 4891 placeret
606 4810 751 4873 Summo
774 4809 950 4890 Pontifici,
975 4809 1165 4873 cardinalis
1189 4811 1402 4893 FridericuS,
1431 4812 1598 4895 princeps
1628 4813 1672 4874 de
1696 4811 1923 4876 Schwarzen-

198 4947 292 5030 berg,
324 4948 489 5010 visitator
519 4948 697 5030 generalis
730 4958 784 5010 est
814 4947 940 5010 factus.
987 4948 1023 5009 Is
1055 4950 1100 5010 ad
1132 4950 1333 5030 complures
1366 4950 1556 5031 episcopos
1587 4949 1798 5012 Austriacos
1828 4949 1922 5013 idem

200 5105 315 5149 munus
346 5086 473 5148 detulit
506 5088 756 5167 (1856—1858).
795 5086 922 5167 Itaque
954 5087 1186 5168 congregatio
1215 5087 1407 5149 Austriaca
1438 5098 1516 5150 orta
1547 5097 1619 5169 est,
1651 5088 1750 5150 cuius
1781 5091 1923 5152 sodales

201 5225 350 5288 monachi
375 5224 669 5308 Salisburgenses
693 5236 728 5287 et
751 5226 1013 5305 Lambacenses
1038 5234 1148 5288 erant.
1186 5225 1343 5307 Reliqua
1366 5244 1508 5307 quoque
1532 5227 1756 5307 monasteria,
1779 5235 1818 5289 ut
1842 5247 1923 5290 con-

200 5365 416 5447 sociarentur,
440 5367 675 5450 expetebant,
704 5363 846 5445 iamque
870 5362 1073 5425 Ludovicus
1102 5364 1215 5427 abbas
1240 5364 1567 5446 SeitenstettensiS,
1601 5374 1640 5428 ut
1671 5384 1792 5428 eorum
1822 5367 1923 5447 leges

1683 5486 1700 5534 Β
