4252 6112
925 451 1206 538 -503-

202 654 292 732 1853,
307 652 499 712 earundem
513 649 779 730 disciplinarum
786 650 1027 732 professuram

196 776 232 837 in
262 771 466 835 monasterii
501 770 690 854 gymnasio
721 771 895 852 suscepit,
932 773 1027 852 quod

197 916 323 959 munus
340 914 452 976 usque
469 895 585 956 adhuc
602 893 764 956 sustinet.

283 1016 503 1097 Conscripsit
516 1017 561 1077 ad
575 1023 840 1097 programmata
848 1015 1027 1098 gymnasii

196 1143 242 1204 ad
259 1139 402 1204 Scotos:

282 1269 304 1322 I.
329 1268 387 1322 Pro
405 1284 482 1321 anno
504 1263 598 1337 1858:
623 1264 868 1320 Geschichtliche
882 1262 1026 1319 Abhand·

197 1373 269 1445 lung
279 1369 353 1427 iiber
364 1371 506 1426 Heinrich
517 1370 554 1424 Il.
564 1370 770 1444 Jasomirgott.
778 1365 807 1446 (1.
815 1387 841 1425 0.
852 1368 1026 1443 Disputatio

195 1477 339 1532 historica
356 1474 394 1530 de
412 1474 545 1529 Henrico
559 1473 596 1528 II.
615 1474 794 1546 cognomine
806 1467 1026 1550 Jasomirgott.)

282 1579 318 1635 II.
336 1579 395 1635 Pro
408 1597 486 1633 anno
501 1577 595 1650 1870:
613 1575 816 1650 Begriindung
828 1576 882 1632 des
895 1574 1026 1632 Succes-

195 1684 401 1741 sionsrechtes
414 1683 469 1738 der
479 1679 680 1755 Habsburger
692 1678 745 1735 auf
754 1680 812 1736 den
825 1680 1026 1755 ungarischen

195 1788 302 1844 'l‘hron
318 1787 411 1843 durch
428 1786 609 1841 Maximilian
623 1786 644 1839 Ι.
662 1781 692 1862 (i.
703 1803 729 1840 e.
740 1783 935 1858 Argumentis
945 1802 1026 1840 com·

195 1890 342 1968 probatur
369 1893 414 1946 ius
441 1892 644 1947 successionis
676 1889 833 1963 dynastiae
860 1886 1026 1962 Habsburg

195 2014 251 2072 per
266 1995 498 2051 Maximilianum
514 1995 536 2050 Ι.
555 1996 583 2049 in
600 2011 696 2068 regno
713 1990 911 2070 hungarico.)

280 2115 474 2176 Praeterea
491 2110 717 2192 conscripsit:

281 2241 335 2295 lll.
365 2240 474 2312 Einige
502 2237 650 2294 herzliche
678 2236 805 2304 Worte,
833 2235 900 2291 dem
924 2236 1025 2292 Herrn

194 2345 319 2401 Wenzel
336 2341 489 2408 Welleba‚
512 2339 705 2396 Schullehrer
723 2359 760 2395 zu
781 2340 951 2406 Froschau,
973 2357 1025 2394 zur

194 2448 367 2505 leierlichen
393 2443 574 2519 Uebergabe
601 2443 655 2499 des
679 2442 829 2499 silbernen
850 2443 1024 2500 Verdienst-

194 2555 321 2609 kreuzes
338 2553 390 2605 mit
406 2549 459 2604 der
476 2550 579 2604 Krone
595 2566 642 2603 am
664 2562 710 2603 12.
725 2546 861 2604 Februar
877 2544 956 2618 1865
971 2566 1023 2620 ge-

196 2657 323 2712 widmet.
342 2651 371 2731 (i.
388 2673 414 2709 e.
428 2652 535 2709 Sermo
552 2648 772 2728 occasionalis.)
786 2667 802 2708 2
814 2651 865 2707 fol.
879 2657 921 2724 4⁰.
932 2653 1022 2708 Vien-

195 2779 259 2827 nae,
282 2758 372 2831 1865‚
391 2760 470 2833 typis
486 2756 597 2813 Anton.
615 2755 792 2830 Schweiger
808 2769 838 2813 et
853 2756 960 2831 Comp.

277 2887 437 2960 Wenin
468 2899 753 2959 Lambertus
786 2897 1022 2979 (Altenbur-

191 3017 357 3101 gensis),
374 3016 480 3079 Tirol.
497 3016 600 3095 LaaS,
618 3016 675 3076 die
689 3036 739 3078 21.
751 3013 850 3096 Sept.
865 3019 942 3077 1831
960 3035 1022 3076 na-

191 3151 258 3223 1115,
276 3161 302 3201 5.
319 3139 443 3201 habitu
459 3138 517 3200 die
535 3158 581 3201 11.
595 3136 674 3200 Oct.
693 3142 773 3215 1851)
786 3138 940 3217 indutus,
954 3137 1022 3197 sol-

191 3262 321 3327 lemnia
345 3270 430 3322 vota
457 3259 514 3321 die
543 3279 590 3338 17.
615 3258 710 3341 Aug.
740 3262 816 3320 1861
848 3257 964 3319 emisit
987 3265 1023 3319 et

192 3384 393 3448 sacerdotio
421 3382 653 3462 inauguratus
682 3381 739 3442 die
763 3387 792 3443 3.
816 3381 911 3462 Aug.
943 3385 1020 3443 1862

191 3506 341 3589 primum
365 3525 391 3565 5.
409 3503 537 3565 missae
554 3500 765 3563 sacrificium
779 3502 859 3563 Deo
883 3501 1020 3564 obtulit.

191 3626 310 3688 Variis
326 3624 462 3705 officiis,
485 3633 625 3704 utpote:
651 3622 893 3703 cooperatoris
914 3632 950 3685 et
970 3623 1022 3684 bi-

191 3746 414 3811 bliothecarii
426 3746 460 3807 in
474 3744 689 3807 monasterio
702 3764 815 3827 usque
832 3747 878 3807 ad
890 3766 1020 3808 annum

196 3875 293 3951 1865,
320 3872 366 3931 ab
394 3888 487 3930 anno
519 3870 691 3945 1865-71
720 3867 963 3948 cooperatoris
987 3869 1021 3930 in

191 3991 441 4071 Riihrenbach,
467 3989 619 4070 denique
643 3991 689 4051 ab
710 4009 803 4052 anno
824 3995 900 4069 1871
921 4010 1022 4071 prae-

192 4115 277 4176 fecti
302 4113 469 4174 silvarum
494 4112 528 4172 in
553 4111 768 4173 monasterio
796 4112 1023 4174 laudabiliter

192 4236 344 4313 functus,
362 4234 482 4294 111081.
496 4231 560 4293 Ι111.
579 4236 656 4309 1872
675 4231 709 4293 111
727 4232 1022 4296 itinereVenetiis

194 4354 387 4438 apoplexia
404 4362 520 4416 tactus
537 4352 635 4416 obiit.
659 4350 824 4433 Scripsit:

278 4479 515 4552 Ehren-Klange
539 4498 574 4533 zu
600 4476 661 4533 Abt
682 4478 835 4533 Honorius
857 4477 1022 4553 Jubelfeste

191 4606 237 4643 am
254 4600 306 4657 31.
320 4584 398 4658 Aug.
417 4581 496 4656 1867
514 4582 558 4638 als
575 4582 632 4637 den
646 4582 715 4655 Tag
731 4584 831 4638 seiner
844 4583 1022 4657 25jahrigen

191 4688 452 4747 Abtens·Wiirde
480 4689 517 4742 im
545 4686 837 4743 Benedictinerstiste
861 4686 905 4743 St.
930 4688 1021 4743 Lam-

191 4795 299 4851 brecht
314 4814 349 4849 zu
366 4791 544 4865 Altenburg.
568 4792 626 4847 Ein
642 4792 666 4847 F
669 4791 846 4866 estgedicht.
864 4788 893 4869 (1.
908 4811 934 4848 e.
948 4792 1022 4849 Car·

192 4918 258 4955 men
282 4898 406 4972 lyricum
431 4899 460 4952 in
485 4898 628 4953 honorem
653 4894 773 4951 abbatis
794 4896 922 4952 Honorii
946 4894 1022 4951 iubi-

191 5000 301 5080 lantis.)
323 5002 420 5066 Wien‚
448 4999 537 5073 1867.
564 4999 954 5056 llechitharisten-ssuchdr.
980 4998 1021 5056 8⁰.

278 5148 459 5220 Wenzel
475 5160 669 5220 Andreas
691 5157 895 5237 Iosephus
916 5156 1023 5240 (Sco-

192 5277 355 5356 tensis),
384 5276 418 5338 in
447 5277 560 5338 lucem
585 5276 701 5338 editus
730 5285 784 5338 est
807 5275 969 5339 Viennae
992 5299 1021 5354 4.

192 5398 295 5459 Mart.
323 5401 401 5475 1759
423 5418 445 5459 a
465 5397 673 5478 parentibus
693 5396 870 5477 1101105115,
895 5405 932 5459 at
957 5416 1022 5459 1100

1107 671 1315 733 generenec
1325 651 1466 715 fortuna
1476 653 1698 736 conspicuis,
1719 653 1961 716 Enituitvero

1107 793 1189 834 mox
1206 773 1386 855 singulare
1402 773 1505 855 pueri
1527 774 1720 857 ingenium
1738 774 1809 855 ita,
1835 785 1878 837 ut
1898 795 1962 837 ma-

1107 895 1228 976 gistris
1244 895 1382 976 piarum
1399 897 1608 978 scholarum,
1631 896 1779 960 deinde
1798 897 1961 977 patribus

1107 1017 1291 1080 societatis
1318 1018 1399 1079 Iesu
1431 1018 1646 1080 erudiendus
1681 1021 1918 1101 traderetur,
1944 1042 1961 1082 a

1108 1138 1236 1219 quibus
1253 1140 1416 1202 excultus
1433 1159 1576 1202 emenso
1599 1160 1713 1203 cursu
1730 1141 1961 1224 philosophi·

1108 1278 1149 1320 co
1165 1261 1286 1323 theses
1302 1263 1475 1342 quasdam
1492 1262 1634 1343 publice
1654 1261 1840 1325 defendit
1856 1264 1960 1346 idque

1107 1389 1207 1442 tanta
1224 1382 1450 1463 dexteritate,
1473 1392 1513 1445 ut
1528 1393 1679 1465 postero
1697 1393 1881 1465 tempore
1897 1386 1960 1448 iam

1106 1503 1152 1563 ad
1170 1500 1298 1565 Scotos
1322 1504 1505 1584 professus
1529 1505 1660 1567 artium
1686 1505 1907 1568 liberalium
1928 1518 1960 1569 et

1107 1623 1353 1704 philosophiae
1392 1625 1598 1688 doctoribus
1636 1627 1959 1691 adnumeraretur.

1107 1744 1330 1807 Adolescens
1357 1747 1613 1828 septemdecim
1638 1768 1838 1813 annorum
1866 1770 1960 1813 sanc·

1107 1877 1165 1928 tae
1183 1868 1463 1930 conversationis
1479 1869 1640 1932 habitum
1660 1871 1863 1952 quaesivit
1879 1872 1957 1935 faci-

1105 1989 1211 2070 leque
1227 1989 1432 2070 impetravit
1453 1997 1500 2053 13.
1520 1991 1721 2055 Novembr.
1746 1999 1851 2073 1776.
1877 1995 1955 2058 Cum

1110 2130 1157 2171 12.
1174 2110 1278 2172 Mart.
1301 2117 1378 2191 1783
1401 2132 1427 2175 5.
1445 2113 1682 2194 professionis
1700 2115 1862 2179 vinculo
1882 2136 1953 2180 sese

1105 2231 1357 2294 adstrinxisset
1381 2232 1536 2296 familiae
1560 2233 1785 2318 Scotorum,
1814 2258 1888 2301 non
1909 2239 1950 2300 ita

1105 2354 1215 2415 multo
1231 2364 1314 2433 post
1331 2367 1518 2437 neomysta
1529 2355 1712 2437 primitias
1724 2357 1815 2420 Deo
1829 2360 1948 2422 obtulit

1105 2494 1155 2537 22.
1177 2474 1251 2536 Iun.
1279 2480 1368 2554 1788.
1393 2475 1585 2539 Strenuum
1607 2477 1693 2540 dein
1717 2480 1803 2563 egit
1826 2500 1945 2563 coope-

1104 2604 1256 2658 ratorem
1272 2597 1307 2658 in
1325 2608 1445 2660 erecta
1462 2609 1536 2661 tum
1553 2619 1647 2662 nova
1664 2603 1876 2682 parochiali
1896 2623 1944 2665 ec·

1104 2719 1211 2780 010510
1223 2721 1269 2781 ad
1282 2741 1308 2781 s.
1318 2719 1557 2802 Laurentium,
1572 2721 1632 2802 qui
1645 2741 1807 2803 campus
1821 2724 1943 2787 dicitur

1103 2838 1306 2922 Scotorum,
1336 2846 1513 2922 1786—98.
1539 2842 1627 2905 Cum
1650 2845 1737 2907 dein
1765 2846 1804 2908 in
1829 2865 1940 2908 mona·

1103 2963 1210 3024 sterio
1224 2974 1367 3025 curatus
1376 2963 1504 3027 fuisset
1512 2973 1594 3027 octo
1604 2985 1671 3046 per
1680 2986 1812 3046 annos,
1822 2967 1940 3029 Benno

1103 3086 1215 3146 abbas
1225 3086 1415 3166 parochiae
1428 3106 1508 3149 eum
1521 3086 1697 3169 praefecit
1710 3091 1939 3152 suburbanae

1103 3206 1149 3267 ad
1166 3225 1193 3269 5.
1207 3194 1413 3269 Udalricum
1435 3211 1524 3271 1806.
1549 3208 1663 3270 Paulo
1680 3220 1769 3290 post
1784 3209 1938 3292 praefec-

1104 3336 1161 3388 tus
1178 3328 1261 3390 novi
1278 3349 1306 3391 c.
1319 3349 1345 3391 r.
1360 3330 1537 3411 gymnasii
1551 3330 1768 3413 designatus
1783 3343 1850 3396 est.
1874 3333 1937 3394 Ve-

1103 3470 1179 3511 rum
1196 3452 1241 3512 ad
1258 3471 1384 3512 munus
1399 3452 1516 3532 ipsum
1528 3472 1599 3513 non
1611 3453 1772 3517 accessit
1778 3479 1786 3528 ;
1806 3465 1937 3517 mortuo

1103 3571 1195 3633 enim
1220 3573 1391 3634 Bennone
1415 3574 1557 3653 abbate,
1581 3571 1733 3635 fratrum
1760 3575 1937 3658 suffragiis

1102 3694 1216 3754 abbas
1243 3694 1378 3755 electus
1404 3702 1459 3755 est
1485 3697 1532 3757 18.
1549 3694 1624 3757 Iun.
1652 3699 1733 3775 1807
1762 3707 1801 3759 et
1825 3696 1938 3760 infulis

1102 3813 1366 3894 pontificalibus
1379 3814 1564 3877 redimitus
1578 3837 1606 3894 q.
1621 3816 1717 3898 Aug.
1744 3818 1823 3881 Iam
1841 3819 1938 3881 nimis

1103 3935 1254 3997 caeteris
1271 3955 1401 4028 *omnes
1424 3957 1527 3998 curas
1548 3938 1593 3998 ad
1615 3939 1867 4002 adornandam
1882 3943 1938 4001 bo-

1102 4077 1224 4118 narum
1237 4056 1434 4119 litterarum
1447 4060 1664 4138 palaestram
1678 4062 1836 4123 contulit
1849 4083 1937 4124 eam-

1103 4198 1172 4259 que
1187 4177 1309 4240 fovere
1327 4188 1363 4240 et
1379 4188 1579 4242 sustentare
1601 4181 1646 4241 ad
1664 4189 1869 4245 extremam
1886 4205 1937 4245 us·

1048 4370 1050 4374 ,
1103 4319 1172 4380 que
1188 4300 1298 4361 vitam
1315 4320 1385 4362 non
1398 4301 1513 4364 desiit.
1536 4301 1611 4363 Iam
1625 4302 1769 4382 pridem
1783 4305 1936 4388 inclytae

1103 4421 1257 4484 nationis
1281 4423 1494 4485 Austriacae
1520 4443 1603 4485 mox
1626 4422 1837 4488 Saxonicae
1862 4448 1936 4509 pro

1103 4555 1258 4625 curator,
1283 4543 1463 4606 facultatis
1486 4544 1757 4626 philosophicae
1784 4549 1937 4610 decanus

1103 4686 1167 4747 pro
1188 4671 1397 4744 1807—1808
1420 4668 1554 4728 electus
1579 4676 1614 4728 et
1639 4687 1668 4729 c.
1685 4687 1712 4729 r.
1730 4670 1845 4732 studii
1866 4671 1952 4751 phi.

1102 4789 1276 4869 losophici
1293 4789 1527 4851 vicedirector
1548 4789 1765 4852 constitutus
1790 4802 1856 4855 est.
1882 4793 1937 4855 Ad

1104 4912 1198 4992 quod
1220 4916 1266 4974 18.
1284 4910 1331 4971 M.
1354 4916 1433 4989 1800
1450 4911 1642 4993 theologici
1664 4931 1810 4994 quoque
1832 4914 1939 4977 studii

1104 5033 1421 5096 vicedirectoratns
1447 5033 1609 5095 accessit.
1640 5033 1769 5115 Neque
1795 5056 1938 5099 suorum

1103 5155 1254 5217 salutem
1280 5154 1442 5235 neglexit
1466 5164 1502 5215 et
1525 5155 1733 5218 calamitoso
1759 5158 1821 5220 illo
1847 5179 1938 5222 anno

1107 5283 1186 5354 1809
1203 5297 1273 5338 non
1290 5276 1363 5337 suis
1384 5285 1521 5339 tantum
1544 5278 1608 5339 sed
1634 5279 1771 5341 exteris
1799 5301 1940 5363 quoque

1102 5399 1281 5480 praesidio
1312 5398 1389 5460 fuit.
1429 5400 1562 5462 Eodem
1594 5420 1688 5462 anno
1719 5416 1939 5486 recuperata
