4222 6106
921 443 1205 510 „440-

279 631 301 685 I.
326 629 488 685 Archivum
506 631 678 699 monasterii
695 629 835 685 Admont.
853 630 1020 704 superioris

192 735 321 809 styriae,
339 733 404 789 ord.
422 753 446 788 s.
463 733 618 789 Benedicti
636 752 731 806 usque
748 733 784 789 ad
801 752 908 789 annum
930 731 1020 804 1576.

191 836 264 917 (Iam
282 852 418 913 tempore
434 858 458 894 r.
468 836 626 893 P.Alberti
640 837 811 893 deMuchar
824 855 883 892 non
895 837 1022 911 amplius

191 946 316 1000 inveniri
333 940 453 1020 potuit.)

278 1083 315 1139 ΙΙ.
339 1082 523 1138 Geschichte
548 1082 601 1136 des
623 1079 728 1137 Stiftes
744 1081 877 1136 Admont
898 1083 926 1136 in
948 1084 1022 1137 zwei

191 1187 323 1243 Bandcn.
348 1183 377 1263 (i.
400 1206 426 1242 e.
448 1187 624 1242 lllonasterii
641 1185 853 1240 Admontensis
876 1181 1022 1261 historia.)

191 1293 246 1347 Ms.
264 1292 352 1347 Anno
373 1288 451 1361 1865
471 1291 595 1345 flammis
612 1304 830 1364 consumptum.

278 1471 561 1566 Sengschmitt
576 1484 831 1547 Bertholdus
843 1486 1022 1547 Ioannes

192 1599 445 1682 (Scotensis),
463 1611 567 1663 natus
578 1602 741 1664 Viennae
754 1603 789 1664 in
802 1603 951 1665 Austria
963 1603 1021 1665 die

194 1742 241 1800 19.
259 1719 359 1801 Sept.
382 1727 472 1802 1801,
495 1723 602 1804 poeta
624 1722 833 1787 Germanus,
865 1725 1021 1788 Paterno

191 1863 323 1925 genere
336 1864 381 1906 ex
394 1845 542 1906 Austria
555 1865 663 1925 supra
676 1846 826 1908 Anisum
843 1847 1022 1930 oriundus,

190 1965 387 2027 Viennensi
399 1975 518 2027 autem
528 1986 575 2027 ex
587 1975 699 2028 matre
711 1967 864 2048 genituS,
879 1968 1022 2031 sinceri-

191 2096 301 2149 tatem
318 2087 424 2148 animi
445 2087 613 2149 rusticam
635 2108 713 2150 cum
735 2090 870 2152 urbane
895 2090 1022 2152 mentis

94 2284 96 2287 Ι
190 2207 377 2270 habilitate
399 2208 468 2269 iam
492 2208 572 2290 ipsa
592 2209 713 2271 nativa
737 2209 855 2272 indole
879 2212 1022 2273 coniun-

191 2331 311 2409 gebat.
337 2328 445 2391 Cuius
459 2339 572 2411 pater,
590 2329 678 2392 civis
692 2331 834 2411 quidem
843 2332 1022 2395 Viennen-

192 2450 250 2530 sis,
273 2452 336 2511 sed
358 2453 556 2531 pauperula
579 2453 780 2516 conditione
805 2464 937 2535 textor,
961 2457 1022 2517 ho·

192 2571 381 2633 nestiorem
397 2572 494 2634 vitae
510 2574 626 2635 locum
646 2573 718 2636 filio
740 2575 876 2637 sciendi
892 2577 1022 2658 cupido

190 2703 453 2774 procuraturus
466 2695 559 2756 hunc
572 2716 665 2758 anno
682 2701 760 2758 1812
775 2697 846 2760 ΡΡ.
858 2697 1022 2761 Piaristis

191 2814 226 2875 in
242 2815 412 2876 suburbio
428 2816 619 2896 Iosephino
637 2818 795 2880 scholam
813 2821 1021 2899 regentibus

190 2936 347 3018 tradidit,
369 2957 434 3018 per
450 2957 539 3018 quos
555 2939 836 3020 gymnasialibus
852 2941 1021 3003 doctrinis

190 3055 415 3120 imbueretur.
432 3059 499 3120 His
512 3060 695 3137 absolutis,
705 3060 873 3142 religioso
886 3072 1022 3125 tractus

189 3179 339 3260 fervore,
357 3200 461 3259 quern
479 3182 644 3262 poemate
658 3184 812 3263 quodam
828 3185 874 3245 ad
886 3204 1021 3246 vesana

190 3302 420 3365 atheistarum
437 3302 615 3364 molimina
635 3304 815 3383 punienda
836 3325 857 3366 a
878 3325 916 3368 se
937 3316 1021 3369 tunc

191 3424 387 3503 composito
400 3424 576 3504 probavit,
591 3444 683 3486 anno
700 3430 780 3487 1818
798 3427 1020 3490 0101111510-

190 3545 291 3625 sephi
322 3545 516 3607 Calasantii
547 3546 700 3608 insertus
732 3557 803 3621 est;
839 3550 903 3610 sed
938 3560 1020 3629 post

188 3687 294 3729 unum
310 3688 440 3729 annum
456 3668 651 3729 litterarum
671 3688 808 3749 amore,
831 3690 936 3749 quem
956 3670 1021 3732 ite-

187 3809 263 3850 rum
290 3789 443 3850 carmine
469 3790 549 3871 ,Ad
570 3789 715 3851 Musas“
747 3810 793 3852 10.
815 3792 911 3872 Aug.
940 3796 1019 3870 1819

188 3911 330 3973 condito
347 3913 545 3992 exserebat,
570 3914 752 3993 abreptus,
778 3914 824 3973 ad
848 3911 1021 3975 universi·

188 4042 297 4095 tatem
313 4032 553 4094 Viennensem
569 4034 710 4096 transiit
728 4033 847 4115 ibique
865 4034 1021 4114 philoso-

187 4154 311 4235 phicas
328 4154 495 4215 scientias
512 4173 576 4232 per
592 4155 681 4215 duos
695 4174 806 4215 annos
822 4156 1019 4218 hauriebat-

188 4276 325 4356 Quibus
337 4274 469 4355 optime
483 4285 628 4336 ornatus
641 4275 676 4337 in
690 4285 840 4338 monast.
855 4274 1020 4338 Scotensi

187 4417 280 4459 anno
308 4400 384 4457 1821
413 4396 470 4457 die
496 4400 545 4457 28.
572 4394 670 4476 Sept.
697 4399 767 4458 un8
791 4416 872 4457 cum
897 4397 1019 4459 habitu

187 4517 420 4581 Benedictino
441 4517 636 4578 ominosum
659 4517 728 4578 sibi
749 4518 933 4579 Bertholdi
959 4538 1020 4580 no·

186 4661 265 4702 men
287 4639 454 4720 suscepit,
480 4639 614 4719 quippe
637 4641 731 4719 quod
749 4640 882 4721 ingenii
899 4641 1017 4720 splen-

186 4766 306 4825 dorem
334 4774 442 4843 atque
470 4762 692 4824 amicabilem
718 4762 826 4824 animi
849 4761 1016 4824 affectum

185 4887 404 4967 designaret:
423 4885 504 4946 dein
517 4885 574 4945 die
589 4888 617 4948 5.
632 4884 711 4948 Oct.
729 4888 808 4962 1824
823 4884 1016 4964 professus
1056 4853 1059 4897 Ξ

186 5008 241 5069 die
275 5027 324 5085 27.
357 5007 451 5087 Aug.
490 5010 569 5067 1820
601 5009 792 5088 presbyter
823 5007 1015 5086 ordinatus,

185 5128 425 5209 paulopostin
436 5128 880 5190 ecclesiaBreitenleeensi
891 5127 1015 5189 ditioni

186 5250 349 5312 Scotensi
365 5249 525 5310 subiecta
541 5249 690 5330 primum
708 5248 787 5310 Deo
810 5249 939 5311 obtulit
960 5269 1015 5310 sa-

185 5367 352 5430 crificium
378 5371 608 5450 incruentum,
635 5370 692 5431 die
717 5376 746 5432 3.
771 5368 870 5450 Sept.
908 5370 1014 5431 Anno

1105 630 1183 704 1827
1210 626 1267 688 die
1291 647 1321 703 4.
1342 625 1405 688 Iul.
1431 633 1641 705 cooperator
1668 623 1703 686 in
1728 623 1954 706 parochiQ

1102 746 1501 810 Stammersdorfensem
1529 746 1713 828 dirigitur,
1745 745 1808 807 ubi
1834 765 1954 832 er

1102 871 1196 932 nomi
1213 869 1320 932 etiam
1337 869 1435 931 vices
1452 869 1487 930 in
1508 869 1591 931 latis
1611 867 1819 930 monasterii
1835 889 1954 956 μὶ

1102 992 1170 1054 diis
1196 1011 1322 1073 gerere
1350 993 1524 1063 debebat;
1555 1001 1592 1054 et
1626 1001 1766 1054 tantum
1794 991 1954 1080 ibidQn

1103 1113 1204 1195 quasi
1220 1112 1256 1175 in
1272 1112 1427 1175 Tusculo
1448 1132 1523 1193 5110,
1546 1112 1613 1173 sibi
1637 1111 1859 1192 complacuit,
1896 1145 1954 1207 ut,

1102 1255 1181 1297 cum
1205 1235 1263 1296 die
1286 1238 1314 1298 8.
1338 1235 1426 1314 Apr.
1448 1238 1527 1296 1828
1552 1234 1587 1295 in
1613 1234 1864 1296 monasterium
1889 1209 1948 1314 adi

1102 1356 1366 1437 suscipiendum
1379 1356 1591 1437 professoris
1608 1355 1644 1418 in
1657 1355 1843 1438 gymnasio
1856 1380 1917 1427 mu.

1102 1499 1168 1540 nus
1184 1487 1422 1559 revocaretur,
1443 1478 1631 1539 lacrimoso
1652 1477 1760 1558 plane
1782 1483 1907 1546 carmine

1101 1599 1240 1680 lapsam
1257 1599 1435 1662 fortunam
1452 1598 1662 1661 clamitaret.
1686 1599 1854 1663 Immerito
1866 1616 1900 1664 ta-

1102 1741 1196 1794 men;
1215 1722 1335 1783 schola
1353 1721 1446 1783 enim
1461 1722 1580 1804 aptior
1595 1721 1666 1803 ipsi
1682 1741 1789 1784 arena
1803 1720 1862 1798 fuit,
1873 1724 1896 1784 in

1103 1863 1174 1923 qua
1192 1843 1465 1905 excellentiores
1481 1863 1546 1924 pro
1559 1863 1624 1906 suo
1641 1843 1784 1926 ingenio
1793 1844 1895 1905 laureas

1101 1965 1302 2027 lucraturus
1315 1975 1401 2029 erat.
1425 1965 1550 2047 Usque
1563 1965 1729 2028 adfinem
1741 1965 1817 2028 anni
1827 1966 1894 2026 scho-

1101 2087 1219 2149 lastici
1240 2093 1318 2165 1842
1338 2087 1372 2149 in
1390 2087 1576 2168 classibus,
1597 2088 1649 2150 uti
1667 2088 1801 2173 dicunt,
1813 2107 1893 2169 gran-

1103 2208 1327 2271 maticalibus
1354 2209 1564 2291 magistrum
1591 2230 1706 2292 agens
1733 2230 1755 2272 a
1778 2209 1893 2288 discipu·

1102 2330 1145 2391 lis
1170 2340 1318 2411 propter
1341 2342 1528 2411 paternam
1552 2351 1653 2394 suam
1678 2331 1892 2415 benignitatem

1102 2471 1217 2532 aeque
1234 2472 1275 2514 ac
1292 2462 1440 2533 propter
1460 2462 1603 2535 gratum
1629 2473 1669 2516 se
1693 2453 1829 2536 gerendi
1845 2470 1894 2512 no

1103 2574 1186 2634 dum
1198 2593 1220 2635 a
1233 2573 1471 2636 confratribus
1484 2575 1605 2656 magni
1614 2576 1820 2637 habebatur:
1829 2573 1894 2634 unde

1102 2694 1254 2757 feliciter
1270 2695 1314 2757 de
1330 2694 1393 2757 tali
1407 2694 1481 2756 vita
1497 2695 1566 2757 sibi
1577 2696 1771 2778 gratulans,
1787 2695 1895 2773 iamper

1102 2816 1202 2878 varia
1218 2816 1375 2878 carmina
1392 2835 1506 2897 eaque
1527 2817 1626 2898 typis
1647 2826 1793 2879 exarata
1811 2826 1865 2877 tum
1876 2832 1893 2871 s.

1102 2937 1141 2999 P.
1159 2937 1201 3001 N.
1218 2938 1406 3000 Benedicti
1423 2937 1582 2999 ordinem
1600 2939 1723 3020 (1830),
1743 2947 1812 3000 turn
1829 2932 1894 2995 aedi-

1101 3059 1171 3121 ficii
1188 3059 1449 3123 monasterialis
1469 3059 1631 3122 funditus
1652 3059 1784 3122 factam
1797 3067 1895 3120 restau-

1101 3181 1274 3244 rationem
1292 3182 1412 3262 (1831),
1433 3192 1507 3242 tum
1529 3201 1692 3243 carorum
1713 3179 1894 3262 quorundam

1101 3302 1248 3364 fratrum
1268 3301 1472 3364 memoriam
1499 3303 1607 3382 (docti
1628 3303 1669 3364 P.
1693 3303 1737 3364 A.
1759 3297 1894 3364 Oberleit-

1101 3424 1186 3504 neri,
1210 3428 1230 3502 †
1253 3423 1331 3486 Iulii
1362 3426 1454 3503 1832)
1483 3433 1519 3486 et
1545 3424 1639 3487 festa
1668 3424 1852 3507 (iubilaeurn
1869 3418 1893 3478 P.

1101 3545 1277 3608 Meinradi
1287 3545 1572 3608 lichtensteiner
1584 3566 1649 3626 per
1660 3551 1698 3608 25
1709 3559 1892 3625 2111105111)-

1101 3669 1201 3731 nasio
1218 3667 1402 3748 praefecti,
1418 3667 1476 3730 fin.
1493 3668 1573 3730 Iulii
1595 3669 1689 3749 1832)
1711 3667 1845 3731 candido
1857 3681 1891 3724 11-

1102 3794 1187 3854 dore
1205 3792 1425 3852 celebrabat:
1443 3809 1535 3870 quae
1548 3790 1714 3871 carmina,
1732 3801 1770 3852 ut
1781 3803 1892 3851 commu·

1102 3934 1182 3975 nem
1198 3912 1346 3974 fratrum
1362 3911 1473 3972 vitam
1494 3911 1787 3991 resplendebant,
1805 3909 1890 3970 horum

1101 4034 1261 4096 favorem
1278 4033 1329 4095 ita
1344 4032 1576 4111 incurrerunt,
1602 4041 1641 4093 ut
1663 4052 1768 4094 unum
1789 4027 1890 4092 aliudve

1102 4176 1166 4238 pro
1183 4155 1380 4234 occasione,
1398 4174 1427 4215 e.
1445 4173 1480 4235 g.
1496 4155 1542 4214 ab
1560 4153 1653 4215 Hon.
1671 4154 1789 4215 Kraus
1806 4150 1890 4210 insu

1105 4275 1345 4361 „Denkbuch“
1370 4278 1489 4355 (1838),
1512 4275 1640 4337 iterum
1664 4274 1890 4355 imprimeretur.

1101 4399 1273 4461 Incitatus
1283 4397 1631 4479 itaqueBertholdus
1641 4417 1707 4479 per
1717 4398 1890 4476 collegarum

1100 4521 1311 4601 applausum
1336 4538 1382 4579 ex
1406 4518 1620 4580 occasionali
1650 4518 1750 4598 poesi
1775 4517 1814 4578 ad
1838 4509 1891 4572 sub·

1099 4642 1249 4704 tiliorem
1266 4640 1395 4721 lyrices
1413 4635 1545 4702 cultum
1561 4640 1754 4720 processit:
1776 4657 1845 4700 mox
1859 4631 1891 4691 in·

1098 4773 1152 4826 ter
1168 4761 1360 4824 familiares
1385 4761 1537 4823 circulos
1553 4770 1722 4841 receptus
1744 4769 1779 4822 et
1796 4749 1892 4820 teneris

1098 4884 1274 4945 amicitiae
1291 4883 1440 4945 vinculis
1456 4882 1599 4964 ligatuS,
1617 4902 1710 4963 quae
1726 4872 1892 4964 praesentia

1098 5006 1131 5067 in
1149 5006 1227 5085 ipso
1245 5014 1344 5066 erant
1358 5003 1571 5065 sentimenta
1584 5005 1738 5065 canebat
1752 5006 1792 5084 (v.
1804 5022 1834 5082 g.
1844 4997 1893 5059 lan·

1097 5128 1142 5188 ad
1158 5125 1246 5187 Maii
1266 5127 1374 5204 1835);
1392 5145 1475 5186 mox
1488 5143 1584 5204 vero,
1598 5124 1687 5186 dura
1700 5133 1792 5186 sorte
1804 5114 1896 5182 amicis

1096 5257 1258 5327 ereptus,
1287 5246 1513 5307 solitudinem
1542 5266 1643 5307 suam
1670 5247 1850 5326 deplorans
1869 5255 1899 5298 ea

1095 5389 1186 5449 quae
1203 5368 1370 5429 memoria
1388 5379 1424 5429 et
1440 5370 1547 5430 corde
1568 5369 1717 5430 tenebat
1737 5361 1902 5449 praeterita
