4222 6106
923 491 969 500 ..
1029 448 1206 538 430-

280 648 407 744 Tiray
426 661 569 722 Benno
586 660 812 723 Mauritius
834 657 1025 741 (Raigra-

195 777 381 858 diensis),
394 777 807 859 Magno-Bitteschensis
818 788 922 841 natus
931 798 1024 840 anno

199 903 277 960 1818
295 899 352 961 die
373 921 420 961 11.
439 898 538 982 Sept.
563 901 692 962 Primis
713 901 910 963 litterarum
931 899 1026 962 rudi·

194 1021 322 1083 mentis
339 1021 373 1082 in
390 1022 511 1084 schola
528 1021 658 1084 triviali
680 1023 774 1084 domi
795 1043 860 1103 per
882 1023 1025 1084 charum

193 1153 379 1224 parentem
396 1163 507 1224 suum,
531 1145 591 1224 qui
607 1143 655 1207 M.
673 1143 860 1206 Bitteschii
877 1145 1025 1205 ludima-

193 1264 296 1346 gistri
309 1264 425 1327 officio
438 1265 664 1347 fungebatur,
684 1265 840 1328 imbutus
857 1275 965 1347 atque
979 1267 1025 1326 ab

195 1389 318 1449 eodem
348 1389 454 1450 etiam
481 1389 637 1451 musicae
665 1389 840 1451 elementa
866 1389 1023 1466 edoctus,

193 1529 276 1571 mox
294 1509 418 1571 docilis
434 1530 523 1591 puer
539 1530 631 1572 anno
654 1514 733 1588 1829
750 1510 787 1572 in
803 1529 936 1592 pagum
950 1508 1023 1570 Un-

193 1630 449 1693 ter-Danowitz
479 1631 623 1712 linguae
658 1629 893 1694 Germanicae
924 1630 1023 1695 addi-

193 1731 347 1814 scendae
361 1772 469 1814 causa
481 1752 646 1825 mittitur;
664 1773 742 1815 cum
755 1772 840 1814 vero
854 1763 1024 1832 parentes

193 1882 229 1935 et
239 1873 399 1936 discendi
412 1893 566 1936 amorem
578 1885 613 1936 et
621 1874 829 1936 facultatem
840 1872 1024 1954 egregiam

193 1997 425 2058 observarent
441 1996 477 2057 in
491 1995 564 2058 filio
581 1997 759 2075 adamato,
782 1996 907 2057 eodem
932 2015 1024 2057 anno

192 2135 313 2178 mense
328 2114 476 2178 Octobri
493 2116 698 2179 Mauritium
712 2117 868 2179 Brunam
881 2116 1025 2178 mittunt

192 2239 238 2299 ad
255 2238 373 2300 studia
390 2215 590 2300 delibanda.
616 2237 695 2319 Qua
716 2248 841 2301 cantor
857 2237 1025 2320 egregius

193 2369 229 2422 et
251 2360 405 2421 musicus
424 2360 457 2421 in
475 2359 684 2422 fundatione
705 2379 817 2442 penes
838 2359 1025 2423 ecclesiam

193 2503 220 2545 s.
238 2481 360 2543 Iacobi
377 2482 616 2563 provisionem
634 2482 778 2564 invenit,
802 2502 880 2544 cum
897 2501 1025 2564 paren-

193 2613 267 2666 tum
281 2623 362 2665 aere
372 2603 434 2665 vix
444 2604 636 2666 sustentari
649 2604 825 2684 potuisset
839 2603 873 2666 in
887 2604 1024 2667 studiis.

193 2724 246 2787 Ibi
275 2735 426 2806 quatuor
453 2745 565 2787 annos
594 2725 783 2808 transegit,
817 2726 1025 2807 complexus

192 2846 333 2908 tertiam
351 2847 500 2908 classem
514 2847 708 2908 normalem
724 2858 870 2928 tresque
886 2847 1024 2929 priores

192 2969 325 3030 classes
353 2969 650 3050 grammaticales.
683 2970 864 3032 Absoluto
892 2969 1024 3032 ibidem

192 3091 337 3172 syntaxi
354 3101 389 3153 et
404 3090 674 3153 humanioribus
691 3092 818 3154 studiis
835 3111 915 3154 sese
931 3093 1024 3154 ultra

191 3214 236 3274 ad
264 3212 524 3294 philosophiam
551 3213 713 3295 contulit,
746 3234 816 3295 qua
847 3215 1022 3276 eminente

192 3353 271 3396 cum
288 3354 480 3416 progressu
497 3335 662 3397 absoluta
680 3355 786 3415 quum
804 3336 839 3397 in
856 3355 899 3397 eo
916 3345 1022 3416 esset,

191 3465 229 3518 ut
246 3456 290 3516 de
308 3456 474 3537 eligendo
491 3465 588 3517 statu
610 3457 702 3518 serio
724 3457 915 3539 cogitaret;
941 3476 1022 3519 con·

191 3578 305 3640 silium
322 3579 416 3658 quod
439 3578 507 3640 iam
531 3581 675 3660 dudum,
701 3580 862 3660 quamvis
887 3579 1023 3641 dissua-

191 3699 356 3761 dentibus
373 3698 571 3761 fautoribus
593 3700 742 3781 ipsaque
764 3710 876 3762 matre
898 3720 1022 3763 conce·

189 3830 301 3901 perat,
318 3820 556 3902 amplectendi
573 3831 704 3883 statum
720 3822 924 3904 religiosum
939 3842 1021 3884 exe-

190 3954 335 4005 cuturus
351 3942 588 4024 Raigradium
605 3954 784 4024 properat,
807 3964 872 4024 pro
893 3944 1021 4006 admis-

189 4065 287 4126 sione
305 4067 351 4124 ad
367 4065 582 4144 palaestram
599 4066 863 4128 benedictinam
877 4085 904 4144 7.
920 4064 1019 4147 Sept.

195 4189 274 4246 1838
288 4186 418 4265 pulsat,
436 4195 471 4247 et
485 4187 699 4249 resolutione
712 4188 853 4249 abbatis
864 4188 1020 4250 Victoris

189 4306 245 4367 die
268 4310 314 4367 15.
333 4306 490 4368 eiusdem
509 4328 552 4368 m.
570 4308 674 4370 ianua
696 4309 855 4390 aperitur
880 4308 1019 4371 florenti

189 4428 317 4507 iuveni,
337 4429 395 4508 qui
412 4440 513 4490 veste
530 4429 758 4491 benedictina
781 4451 831 4507 29.
848 4427 943 4509 Sept.
961 4451 1018 4493 ac-

188 4560 302 4631 cepta,
320 4551 517 4613 tirocinium
533 4571 682 4613 exorsus
694 4560 749 4613 est
761 4552 932 4633 magistro
947 4553 1017 4634 spi-

186 4671 303 4734 rituali
321 4672 359 4732 P.
377 4672 510 4734 Ioanne
528 4672 633 4753 Bapt.
650 4672 769 4733 Miick.
804 4672 890 4734 Cum
912 4693 1017 4736 voca-

186 4794 282 4855 tione
305 4793 490 4876 religiosa,
519 4795 679 4873 perbona
706 4793 838 4875 indole,
865 4805 900 4857 et
924 4795 1016 4857 litte-

186 4935 301 4976 rarum
318 4934 437 4976 amore
455 4916 627 4995 probatus
644 4913 809 4977 inventus
822 4915 937 4998 fuerit,
955 4918 1016 4978 ab·

186 5037 301 5098 soluto
319 5036 492 5098 novitiatu
506 5035 661 5097 Brunam
678 5037 828 5099 mittitur
839 5038 884 5098 ad
898 5038 1016 5099 studia

185 5159 387 5240 theologica
403 5158 603 5219 inchoanda
617 5168 652 5220 et
666 5159 830 5221 absoluto
848 5164 1013 5237 1841-41

184 5281 297 5361 primo
315 5291 350 5341 et
367 5281 524 5341 secundo
540 5281 744 5362 theologiae
761 5301 865 5343 cursu
886 5282 1015 5343 admis-

185 5403 319 5463 sionem
336 5403 381 5462 ad
399 5422 425 5464 s.
443 5401 701 5481 professionem
718 5403 831 5483 petiit,
850 5403 915 5482 eui,
935 5422 1014 5464 cum

1104 653 1258 735 legalem
1283 672 1424 735 quoque
1448 663 1605 716 aetatem
1633 654 1826 738 attigisset,
1844 660 1903 721 nihil

1105 777 1343 856 repugnabat.
1380 775 1548 839 Octobris
1573 777 1696 858 itaque
1723 778 1823 841 tertia
1848 786 1899 858 1841

1105 897 1255 959 solemni
1266 907 1429 960 votorum
1445 899 1713 980 nuncupatione
1725 904 1902 965 monasterio

1105 1038 1143 1080 se
1162 1018 1353 1081 adstrinxit
1376 1028 1412 1081 et
1428 1029 1502 1082 tum
1525 1022 1643 1083 denuo
1660 1022 1814 1085 Brunam
1829 1025 1901 1087 mitti·

1104 1152 1161 1203 tur
1177 1142 1224 1202 ad
1240 1145 1527 1223 prosequendam
1552 1165 1579 1205 S.
1604 1145 1819 1227 theologiam
1837 1147 1901 1208 tertii

1105 1271 1140 1324 et
1158 1263 1275 1343 quarti
1291 1264 1384 1327 anni.
1408 1264 1496 1328 Cum
1518 1265 1553 1327 in
1569 1276 1647 1328 arte
1671 1268 1814 1348 musica,
1829 1289 1900 1349 quan

1104 1404 1124 1444 a
1141 1384 1294 1464 pueritia
1316 1386 1438 1467 coluit,
1467 1387 1686 1450 laudabilem
1710 1387 1830 1451 fecerit
1847 1409 1901 1470 pro

1103 1526 1276 1588 gressum,
1290 1518 1441 1589 accepta
1454 1508 1601 1590 insuper
1614 1514 1696 1587 1840
1709 1509 1901 1574 instructione

1104 1627 1139 1688 in
1153 1629 1312 1710 generali
1325 1632 1442 1711 basso,
1461 1650 1507 1692 ex
1523 1649 1593 1711 quo
1607 1641 1643 1694 et
1657 1650 1805 1694 examen
1817 1634 1900 1715 subiit

1104 1758 1143 1810 ut
1159 1751 1251 1812 ultra
1268 1752 1401 1814 coleret
1417 1761 1530 1814 artem
1543 1753 1726 1834 musicam,
1743 1773 1856 1817 novum
1868 1756 1900 1816 ir·

1104 1877 1340 1934 strumentum
1355 1873 1558 1955 pianoforte
1576 1877 1623 1937 ab
1639 1878 1773 1939 abbate
1788 1877 1898 1958 accepit

1105 1991 1242 2056 Studiis
1259 1996 1472 2078 theologicis
1493 2002 1573 2075 1843
1591 1995 1702 2060 finitis
1718 2003 1747 2061 6.
1764 2000 1845 2080 Aug.
1857 2001 1898 2060 hu·

1104 2115 1159 2176 ius
1176 2117 1377 2179 sacerdotio
1395 2117 1555 2181 initiatus
1572 2130 1628 2182 est
1639 2122 1687 2182 ab
1704 2120 1898 2184 illustrissimo

1105 2237 1247 2299 domino
1268 2238 1439 2320 episcopo
1462 2240 1638 2303 Brunensi
1656 2242 1811 2305 Antonio
1823 2242 1894 2304 Erre

1105 2368 1160 2421 sto
1178 2361 1306 2422 comite
1323 2380 1343 2422 e
1360 2359 1647 2445 Schaafgotsche
1664 2375 1701 2427 et
1717 2366 1851 2446 15.Aug.
1861 2364 1897 2424 1111

1104 2480 1278 2561 primitias
1296 2482 1500 2545 celebravit.
1526 2485 1567 2554 In
1590 2485 1749 2565 capitulo
1770 2491 1815 2550 28.
1828 2483 1896 2565 Sept.

1110 2606 1187 2679 1843
1220 2623 1289 2683 qua
1317 2603 1565 2687 vice-regens
1595 2607 1805 2670 constitutus
1827 2605 1897 2669 simul

1105 2725 1419 2787 caeremoniarium
1433 2727 1576 2789 abbatis
1591 2728 1677 2810 egit.
1698 2735 1728 2791 3.
1739 2728 1832 2791 Febr.
1843 2726 1897 2789 11111

1109 2850 1189 2923 1844
1216 2847 1381 2908 absoluto
1404 2847 1444 2910 P.
1470 2846 1631 2911 Antonio
1660 2871 1682 2912 a
1705 2853 1898 2933 cooperatura

1103 2967 1142 3029 P.
1155 2966 1280 3030 Benno
1294 2971 1578 3050 cooperatoriam
1589 2971 1852 3036 iurisdictionem
1862 2989 1897 3031 ac·

1103 3088 1199 3170 cepit
1230 3109 1342 3170 penes
1371 3091 1560 3153 ecclesiam
1585 3095 1819 3173 parochialem
1839 3091 1897 3155 Rai-

1102 3211 1328 3292 gradiensem
1354 3224 1390 3274 et
1411 3213 1511 3276 initio
1534 3218 1613 3293 1845
1641 3216 1790 3279 mittitur
1802 3216 1897 3277 Dona·

1102 3333 1250 3410 sovium,
1268 3344 1306 3397 ut
1320 3335 1450 3397 ibidem
1465 3338 1590 3398 eodem
1603 3357 1751 3400 munere
1763 3337 1896 3420 411111111-

1103 3455 1197 3516 nium
1221 3456 1440 3538 fungeretur.
1476 3459 1630 3521 Domum
1655 3463 1768 3522 redux
1790 3476 1895 3541 regens·

1103 3577 1201 3638 chori
1214 3589 1249 3639 et
1262 3579 1389 3641 iterato
1401 3590 1614 3660 cooperator
1627 3582 1822 3661 instituitur,
1833 3595 1895 3641 anno

1107 3702 1185 3760 1853
1215 3701 1260 3761 ad
1288 3699 1394 3763 finem
1422 3712 1597 3784 vergente
1625 3703 1771 3785 insuper
1795 3701 1893 3765 culinae

1102 3820 1306 3900 praefectus
1331 3832 1366 3885 et
1390 3823 1563 3906 provisor,
1592 3845 1663 3906 quo
1688 3826 1723 3887 in
1747 3816 1892 3906 posteriori

1102 3964 1246 4006 munere
1274 3944 1484 4008 affabilitate
1513 3967 1628 4027 aeque
1653 3967 1695 4009 ac
1720 3946 1891 4010 dexteritate

1101 4085 1165 4126 sua
1183 4066 1336 4128 omnium
1361 4068 1428 4129 sibi
1454 4069 1562 4151 longe
1579 4071 1726 4151 lateque
1742 4061 1890 4150 adquisivit

1100 4188 1395 4251 aestimationem.
1420 4189 1491 4252 Ast
1507 4191 1577 4253 iam
1590 4191 1673 4254 inde
1686 4195 1733 4254 ab
1747 4211 1829 4254 anno
1839 4187 1890 4256 1850

1099 4304 1237 4371 iteratis
1253 4310 1392 4373 vicibus
1409 4331 1455 4373 ex
1472 4312 1605 4393 hepate
1618 4314 1784 4376 laborans
1798 4312 1891 4374 frustra

1098 4451 1190 4493 anno
1221 4436 1298 4502 1863
1329 4433 1493 4496 sanitatis
1520 4438 1787 4515 recuperandae
1810 4427 1891 4516 gratia

1096 4554 1290 4616 Karolinas
1301 4554 1457 4618 thermas
1470 4557 1650 4639 visitabat,
1660 4560 1755 4620 unde
1767 4565 1893 4619 reversus

1097 4676 1369 4757 ingravescente
1391 4698 1532 4759 semper
1553 4682 1677 4741 morbo
1695 4673 1894 4761 Raigradiii.

1096 4797 1169 4860 Ian.
1188 4802 1268 4875 1864
1285 4818 1488 4880 supremum
1502 4800 1615 4863 obivit
1629 4802 1734 4883 diem,
1746 4801 1857 4864 merito
1866 4794 1897 4855 ab

1096 4921 1228 4981 abbate
1245 4939 1309 4982 suo
1328 4940 1462 4982 coaevo
1474 4941 1590 5002 aeque
1602 4943 1644 4985 ac
1658 4943 1680 4984 a
1694 4920 1900 4986 confratribus

1095 5040 1249 5102 lacrimis
1273 5040 1437 5121 iustoque
1462 5045 1686 5123 comploratu
1710 5051 1902 5127 prosecutus.

1183 5161 1352 5243 Sequitur
1375 5163 1485 5225 index
1510 5164 1666 5227 omniurn
1687 5166 1728 5228 P.
1750 5159 1906 5228 Bennonis

1095 5283 1204 5364 Tiray
1220 5285 1526 5364 compositionum,
1545 5307 1637 5367 quae
1649 5287 1686 5349 in
1699 5289 1841 5351 archivo
1852 5304 1908 5348 mu·

1096 5404 1196 5467 sicali
1213 5407 1308 5486 apud
1327 5426 1392 5468 nos
1408 5408 1660 5470 adservantur:
