4252 6112
937 423 1219 532 -ψ-

211 635 366 722 sophicis
379 657 472 704 anno
489 644 570 704 1880
581 639 715 704 Labaci
727 641 909 726 absolutis,
922 643 1038 709 locum

105 814 109 824 .
210 759 408 844 quaerebat
423 775 459 827 et
474 762 628 827 obtinuit
647 762 683 825 in
703 759 913 829 cancellaria
932 766 1038 831 ratio-

154 911 160 920 ·
210 888 299 952 narii
314 887 448 971 publici
463 886 669 969 Labacensi,
691 906 737 949 ex
757 906 828 968 quo
843 907 936 951 anno
956 891 1036 953 1835

211 1013 384 1096 discessit,
406 1021 442 1075 et
461 1012 507 1075 ad
527 1030 554 1073 s.
574 1009 725 1073 Paulum
748 1010 903 1090 supplex
923 1020 960 1074 et
979 1029 1036 1073 su·

211 1149 369 1218 sceptus,
397 1133 619 1219 Clagenfurti
649 1133 804 1198 studium
834 1133 1036 1217 theologiae

210 1261 365 1327 absolvit
389 1279 481 1323 anno
506 1262 596 1337 1840.
620 1255 777 1320 Primum
799 1255 851 1318 rei
873 1256 1036 1338 agrariae

210 1384 423 1450 ediscendae
454 1401 562 1446 causa
591 1379 627 1444 in
656 1378 804 1463 praedio
835 1376 1038 1441 Eberndorf

209 1520 378 1592 moratus,
410 1508 492 1571 dein
522 1507 569 1568 ad
598 1524 625 1567 s.
653 1502 803 1566 Paulum
832 1499 1037 1582 praefectus

209 1634 445 1698 studiosorum
462 1627 713 1708 convictorum,
730 1635 857 1707 postea
868 1623 920 1686 rei
932 1643 1035 1705 agra·

208 1757 280 1821 riae
301 1753 484 1837 praefecto
500 1749 750 1816 San-Paulano
766 1746 953 1809 adiunctus
970 1756 1034 1810 est.

208 1879 267 1942 Ab
283 1897 376 1940 anno
397 1880 477 1954 1844
498 1881 575 1936 erat
593 1872 629 1934 in
649 1869 836 1954 gymnasio
852 1868 1035 1933 San-Pau·

206 2003 288 2064 lano
311 1998 493 2082 professor
520 1993 684 2058 classium
708 1990 1033 2075 grammaticalium,

207 2124 314 2206 paulo
344 2130 427 2202 post
460 2119 497 2181 in
530 2114 717 2200 gymnasio
748 2110 1034 2196 Clagenfurtensi

206 2245 370 2309 classium
385 2240 627 2312 humanitatis;
644 2239 689 2300 ab
705 2255 798 2300 anno
814 2238 979 2314 1850-72
997 2233 1033 2296 in

205 2366 392 2453 gymnasio
403 2360 687 2447 Clagenfurtensi
699 2356 871 2441 superiori
880 2358 1033 2420 docebat

205 2488 397 2570 historiam,
417 2487 554 2550 litteras
570 2480 801 2547 Germanicas
817 2489 854 2543 et
869 2497 934 2560 per
954 2479 1032 2560 plu-

205 2632 262 2676 res
278 2630 389 2675 annos
406 2609 512 2672 etiam
527 2607 685 2690 linguam
700 2603 870 2668 Italicam.
890 2600 1031 2685 Muneri

205 2734 356 2798 docendi
372 2731 530 2796 studiose
547 2748 626 2792 sese
645 2726 840 2810 applicans,
860 2722 1031 2805 imprimis

203 2857 331 2921 litteris
352 2852 571 2919 Germanicis
591 2853 758 2922 vacabat;
783 2848 874 2911 iuste
898 2848 1030 2909 docens

203 2977 329 3042 meruit
344 2977 486 3040 laudem
498 2972 717 3056 superiorum
730 2980 766 3033 et
778 2970 1030 3052 discipulorum

202 3110 342 3186 gratam
369 3096 641 3162 observantiam.
672 3093 760 3158 Cum
786 3091 917 3174 linguis
940 3090 1030 3154 anti-

202 3224 280 3308 quis
296 3223 450 3286 callebat
466 3219 647 3300 Gallicam,
663 3215 895 3280 Brittanicam
911 3227 947 3278 et
958 3215 1029 3279 Ita-

200 3346 314 3428 licam,
336 3362 467 3425 easque
486 3343 650 3404 lubenter
669 3341 804 3423 legens.
833 3337 1028 3401 Botanieae

201 3476 237 3530 et
256 3467 306 3529 rei
327 3465 541 3528 nummariae
562 3463 725 3526 assiduus
746 3462 867 3544 cultor,
889 3461 1048 3544 planta-¹

200 3609 276 3652 rum
304 3597 340 3651 et
364 3587 588 3669 antiquorum
615 3603 832 3647 nummorum
860 3602 1026 3666 magnam

200 3711 403 3794 congeriem
439 3711 623 3790 servabat,
655 3717 691 3770 et
722 3727 801 3769 cum
831 3706 1026 3803 architecto

198 3833 380 3915 Leopoldo
412 3833 456 3893 de
487 3830 611 3893 Huber
638 3828 859 3911 Clagenfurti
886 3830 1025 3892 hortum

197 3955 400 4018 botanicum
427 3952 628 4016 aedificavit
659 3962 695 4015 et
725 3952 813 4014 scite
841 3951 1023 4035 disposuit.

198 4075 417 4140 Societatum
432 4073 676 4137 botanicarum
692 4072 903 4158 Carinthiae,
916 4075 1025 4138 Vien-

196 4199 316 4261 nensis
329 4197 649 4260 etRatisbonensis
662 4208 738 4259 erat
750 4197 894 4271 sodalis;
912 4199 1023 4262 socie·

195 4319 280 4382 tatis
295 4319 483 4381 historicae
496 4319 696 4382 Carinthiae
713 4328 749 4381 et
762 4318 854 4383 illius
867 4339 931 4401 pro
944 4322 1022 4384 hor-

195 4442 240 4503 tis
265 4441 421 4503 colendis
445 4450 521 4503 erat
544 4441 675 4502 sodalis
703 4452 738 4503 et
757 4443 803 4503 ad
823 4443 1022 4505 consultan-

195 4565 277 4626 dum
294 4564 463 4627 delectus.
482 4564 587 4625 Anno
604 4568 682 4642 1872
697 4564 888 4646 apoplexia
904 4572 1021 4628 tactus

194 4687 251 4750 die
269 4706 297 4767 7.
313 4686 388 4749 Iun.
406 4685 547 4767 placide
563 4686 784 4750 obdormivit.

279 4843 485 4926 Sequuntur
528 4845 603 4908 eius
645 4845 777 4927 scripta
818 4846 915 4930 typis
956 4847 1018 4909 im·

192 4987 331 5048 pressa:

278 5113 300 5167 I.
325 5111 460 5168 Chronik
480 5111 533 5168 des
550 5111 760 5188 Gymnasiums
783 5133 818 5170 zu
840 5114 1018 5189 Klagcnsurt

190 5232 250 5270 von
266 5217 378 5272 semem
395 5216 562 5273 Entstehen
584 5214 631 5273 bis
651 5237 703 5273 zur
723 5217 916 5293 Gegenwart.
942 5216 1016 5297 (1.1.

191 5317 363 5374 Chronicon
378 5322 524 5394 gymnasii
542 5319 820 5400 Clagenlurtensis.)
841 5323 1016 5398 Programm

190 5420 244 5477 des
255 5421 541 5497 k.k.Gymnasiums
555 5444 590 5480 zu
600 5424 786 5499 Klagenfurt.
804 5425 861 5483 Am
871 5424 1015 5494 Schlusse
1053 5445 1056 5471 ¹

1117 649 1171 708 des
1194 649 1423 728 Studienjahres
1450 655 1541 730 1851.
1573 659 1761 734 Klagenlurt.
1787 661 1954 722 Gedruckt

1116 754 1165 813 bei
1180 756 1297 832 Johann
1313 758 1410 816 Leon.
1427 778 1456 836 p.
1478 760 1590 820 1—68.
1609 762 1651 821 8⁰.

1203 861 1240 917 11.
1257 862 1415 920 Zeittaseln
1431 885 1466 921 zu
1479 865 1597 925 Gdrhes
1612 868 1720 927 Leben
1736 871 1795 928 und
1808 871 1951 930 Wirken.

1116 959 1145 1043 (1.
1167 982 1193 1022 e.
1214 964 1262 1022 Ad
1283 968 1374 1024 vitam
1398 982 1429 1025 et
1450 970 1558 1044 agendi
1582 974 1730 1030 rationem
1756 973 1949 1034 Gotheanam

1116 1067 1235 1126 tabulae
1244 1070 1684 1153 chronologIcae.)Programm
1693 1078 1748 1136 des
1756 1079 1785 1136 k.
1793 1078 1953 1138 k.Staats·

1114 1176 1320 1248 gymnasiums
1346 1196 1382 1233 zu
1411 1178 1600 1253 Klagensurt.
1635 1180 1692 1239 Am
1720 1180 1866 1241 Schlusse
1893 1185 1950 1243 des

1115 1274 1341 1353 Studienjahres
1371 1280 1461 1356 1852.
1493 1285 1681 1360 Klagenfurt.
1712 1287 1871 1346 Gedruckt
1899 1288 1950 1347 bei

1114 1381 1180 1457 Joh.
1194 1383 1290 1440 Leon.
1307 1403 1338 1460 p.
1359 1385 1471 1460 1—87.
1489 1386 1531 1445 80.

1202 1487 1255 1544 III.
1278 1488 1335 1546 Die
1351 1490 1375 1545 F
1377 1504 1441 1548 este
1462 1491 1516 1549 der
1532 1492 1683 1570 Republik
1699 1496 1846 1572 Venedig.
1872 1495 1904 1576 (i.
1922 1517 1949 1556 e.

1115 1591 1207 1648 Festa
1236 1591 1421 1670 reipublicae
1447 1596 1661 1677 Veneriorum.)
1693 1599 1869 1676 Programm
1894 1603 1951 1661 des

1115 1694 1144 1752 k.
1166 1695 1195 1752 k.
1217 1695 1430 1773 Gymnasiums
1454 1702 1482 1756 ln
1504 1701 1691 1776 Klagensurt.
1722 1703 1779 1762 Am
1800 1703 1949 1765 Schlusse

1114 1800 1168 1857 des
1184 1799 1411 1877 Studienjahres
1432 1802 1522 1878 1865.
1547 1805 1706 1865 Gedruekt
1725 1808 1775 1866 bei
1794 1811 1862 1887 Joh.
1887 1811 1948 1868 und

1113 1905 1163 1961 Fr.
1181 1906 1277 1963 Leon.
1294 1926 1324 1983 p.
1346 1906 1457 1982 1—64.
1475 1908 1518 1967 80.
1606 1904 1609 1910 ’

1200 2011 1250 2067 11.
1267 2011 1325 2068 oie
1341 2013 1430 2069 reste
1447 2014 1501 2071 der
1517 2014 1667 2092 Repubnk
1684 2018 1831 2093 Venedig.
1853 2021 1944 2077 Fort-
2032 2008 2038 2017 ‘

1113 2127 1240 2190 setzung
1259 2115 1313 2173 des
1333 2117 1544 2192 Programmes
1564 2140 1624 2178 von
1649 2121 1739 2196 1865.
1764 2124 1945 2198 Programm

1112 2217 1166 2275 des
1187 2219 1264 2277 11.11.
1286 2220 1594 2299 Staatsgymnasiums
1616 2246 1651 2283 zu
1672 2228 1861 2303 Klagensurt.
1887 2229 1946 2286 Am

1111 2320 1257 2380 Schlusse
1272 2325 1326 2382 des
1343 2324 1571 2402 Studicnjahres
1592 2328 1682 2388 1866.
1707 2333 1812 2389 Druck
1833 2352 1896 2390 von
1916 2335 1944 2411 J

1112 2427 1170 2484 und
1186 2429 1236 2484 Fr.
1254 2429 1350 2487 Leon.
1367 2449 1397 2506 p.
1419 2446 1531 2506 1—59.
1550 2432 1592 2490 8⁰.

1197 2533 1233 2590 V.
1264 2535 1405 2609 Beitrige
1436 2556 1488 2592 zur
1515 2537 1606 2594 Flora
1633 2537 1687 2595 des
1713 2540 1944 2599 Lavantthales.

1110 2631 1140 2715 (i.
1158 2655 1184 2694 e.
1201 2636 1354 2695 Adnotata
1374 2639 1412 2696 ad
1432 2641 1522 2698 Ilores
1538 2643 1624 2699 vaIIIs
1643 2643 1852 2724 LavantInae.)
1871 2647 1944 2703 Kla-

1109 2740 1239 2816 gensurt.
1264 2742 1422 2800 Gedruckt
1440 2742 1489 2800 bei
1510 2746 1543 2801 F.
1565 2765 1625 2802 von
1642 2747 1824 2824 Kleinmayr.
1850 2749 1942 2825 1853.

1109 2864 1139 2921 p.
1161 2846 1333 2904 1-11.80.

1195 2951 1246 3007 VI.
1276 2951 1467 3027 Entstchung
1486 2952 1540 3010 der
1561 2957 1834 3014 osterreIchischen
1855 2960 1943 3015 Mon-

1107 3055 1218 3111 archie.
1240 3052 1315 3134 (1.1.
1338 3057 1385 3113 De
1404 3060 1723 3131 genesimonarchiae
1738 3061 1942 3143 Austriacae.)

1108 3159 1296 3234 Klagensurt.
1314 3159 1472 3218 Gedruckt
1486 3160 1536 3218 bei
1552 3164 1586 3219 F.
1599 3183 1627 3220 v.
1642 3165 1826 3241 Kleinmayr.
1847 3166 1940 3241 1852.

1101 3279 1137 3340 1·
1159 3279 1270 3338 1-24·
1288 3270 1330 3338 4⁰·

1193 3369 1259 3426 VII.
1277 3367 1378 3426 Ueber
1393 3370 1495 3427 antIkc
1511 3372 1647 3428 Mlinzen.
1665 3368 1694 3450 (i.
1713 3393 1739 3430 1.
1763 3375 1810 3431 De
1826 3379 1939 3433 numis-

1108 3470 1236 3530 matibus
1263 3471 1420 3552 veterum.)
1450 3473 1650 3550 Abgedruckt
1680 3479 1718 3533 im
1746 3477 1862 3536 Archiv
1893 3480 1939 3537 sdr

1106 3577 1345 3634 vaterlandische
1366 3577 1549 3635 Geschichte
1571 3580 1630 3636 und
1653 3581 1886 3659 Topographie.
1908 3583 1936 3642 8.

1104 3682 1268 3758 Jahrgang.
1293 3682 1485 3756 Klagenlurt‚
1512 3681 1602 3756 1863.
1627 3685 1732 3742 Druck
1754 3704 1815 3742 von
1834 3688 1860 3764 J.
1879 3688 1936 3744 und

1105 3787 1155 3843 Fr.
1171 3787 1267 3843 Leon.
1283 3806 1312 3862 p.
1333 3786 1469 3860 71—80.
1488 3787 1530 3844 80.

1191 3890 1271 3948 VIII.
1296 3891 1393 3948 Franz
1416 3891 1577 3948 Frciherrn
1601 3910 1661 3948 von
1682 3893 1821 3951 Wulsens
1844 3897 1935 3953 Flora
1959 3932 1962 3937 <

1104 3997 1208 4052 norica
1220 3996 1453 4071 phanerogama.
1471 3991 1500 4073 (i.
1515 4015 1541 4052 1.
1555 3997 1708 4053 Francisci
1722 3998 1739 4053 l.
1753 3997 1783 4055 b.
1799 3998 1935 4057 (11117111-

1104 4099 1174 4177 len.)
1202 4101 1244 4156 Im
1271 4098 1419 4173 Austrage
1446 4099 1500 4156 des
1527 4100 1935 4175 zooIogisch·botanischen

1103 4205 1248 4261 Vereincs
1268 4207 1297 4260 in
1313 4204 1403 4260 Wien
1425 4204 1676 4279 herausgegeben
1696 4225 1766 4263 vom
1781 4208 1861 4265 Med.
1880 4211 1932 4266 Dr.

1102 4309 1224 4365 Eduard
1236 4310 1326 4365 Fenzl
1343 4309 1401 4365 und
1415 4309 1447 4365 P.
1462 4309 1574 4367 RaIner
1586 4309 1674 4366 Grai.
1688 4311 1787 4380 wien,
1806 4312 1931 4372 Gerold.

1106 4411 1196 4486 1858.
1213 4433 1243 4489 p.
1260 4413 1341 4470 XIV.
1359 4411 1431 4470 816.

1188 4557 1307 4632 Graff
1328 4571 1932 4656 Aemilianus(Lambertinus),

1099 4696 1203 4750 natus
1216 4688 1318 4751 estin
1327 4689 1513 4753 Kiirmend
1527 4691 1563 4752 in
1572 4690 1758 4774 Hungaria
1772 4713 1822 4771 ²4·
1832 4692 1930 4775 Sept.

1103 4814 1194 4888 1745.
1217 4810 1431 4875 Monachum
1452 4813 1565 4875 induit
1586 4815 1680 4876 ads.
1702 4814 1931 4880 Lambertum

1098 4933 1132 4995 in
1149 4932 1270 5017 Styria
1291 4956 1337 4998 10.
1351 4937 1446 5019 Aug.
1467 4941 1557 5019 1764,
1574 4936 1634 4999 ubi
1646 4946 1731 5000 vota
1746 4938 1931 5003 sollemnia

1098 5055 1215 5119 emisit
1245 5077 1292 5121 11.
1320 5058 1415 5141 Aug.
1447 5062 1538 5138 1765.
1570 5041 1757 5122 Absolutis
1785 5059 1822 5122 in
1849 5061 1930 5144 ipso

1096 5180 1310 5243 monasterio
1323 5201 1387 5244 suo
1396 5181 1522 5244 studiis
1535 5181 1744 5265 theologicis
1754 5183 1931 5265 primitias

1097 5301 1290 5364 celebravit
1310 5323 1335 5365 1.
1354 5301 1431 5366 Oct.
1453 5307 1544 5382 1769.
1568 5303 1709 5366 Exinde
1725 5305 1929 5386 superiores

1096 5443 1175 5487 eum
1184 5423 1493 5505 poenitentiarium
1503 5425 1763 5490 constituerunt
1774 5427 1809 5489 in
1819 5426 1929 5490 Cellis
