4252 6112
927 503 972 510 ,,
1030 482 1103 551 319
1160 503 1206 511 .-

192 662 284 724 enim
312 662 351 724 P.
380 662 599 725 Adalbertus
630 664 845 728 indefessam
878 685 1022 748 operam
1104 664 1156 727 vit
1172 684 1284 745 usque
1305 665 1351 726 ad
1373 685 1502 727 annum
1523 668 1612 743 1788.
1638 664 1728 727 Tum
1749 684 1835 728 vero
1856 685 1935 728 cum

191 786 348 846 navabat
376 785 584 867 colligendis
609 787 739 849 tabulis
766 787 1022 869 fundationum,
1105 789 1150 849 ob
1167 789 1297 868 pedum
1314 785 1552 850 infirmitatem
1569 807 1697 849 munus
1710 787 1777 849 sibi
1791 788 1936 850 deman-

192 926 425 991 quaecunque
442 907 652 969 asceterium
667 908 708 972 B.
721 909 769 971 M.
780 909 823 973 V.
836 911 882 972 ad
895 908 1023 973 Scotos
1063 912 1066 961 l
1105 911 1226 972 datum
1243 911 1388 990 explere
1402 930 1471 972 non
1485 920 1617 992 posset,
1634 909 1670 972 in
1682 910 1933 973 monasterium

191 1031 352 1092 Viennae
378 1048 443 1091 nec
468 1048 537 1091 non
560 1031 750 1111 parochias
778 1032 810 1094 ei
837 1033 1024 1095 adiunctas
1063 968 1066 1079 i
1105 1051 1267 1093 reversus
1286 1042 1340 1094 est
1354 1032 1557 1113 ibidemque
1570 1032 1705 1094 viribus
1721 1031 1843 1095 fractis
1855 1032 1934 1094 Deo

191 1153 415 1233 spectabant.
440 1149 606 1232 Scripsit:
1063 1160 1066 1205 t
1105 1153 1243 1234 sibique
1268 1173 1332 1234 per
1355 1154 1492 1235 aliquot
1515 1163 1657 1235 tempus
1683 1160 1818 1234 vivens,
1847 1173 1933 1235 apo-

278 1296 301 1350 I.
316 1295 490 1362 TractatuS,
508 1314 568 1370 quo
585 1298 698 1352 veritas
714 1297 869 1372 religionis
886 1299 1024 1355 christia·
1104 1275 1225 1357 plexia
1241 1288 1368 1355 tactus>
1390 1277 1551 1339 Omnibus
1572 1287 1690 1340 tamen
1711 1276 1933 1339 morientium

193 1418 248 1455 nac
273 1412 379 1455 contra
404 1399 558 1474 quoslibet
586 1402 650 1456 eius
679 1403 905 1476 impugnatores
929 1403 1024 1459 vindi·
1105 1399 1336 1461 sacramentis
1363 1401 1528 1482 provisus
1556 1400 1644 1463 obiit
1671 1399 1728 1462 die
1757 1406 1803 1462 10.
1827 1398 1933 1461 Mart.

160 1498 171 1525 '
192 1519 287 1569 catur,
305 1523 334 1578 p.
358 1518 489 1559 1—120.
515 1501 639 1580 Septem
664 1505 771 1562 deinde
795 1506 853 1562 alia
877 1508 1025 1584 opuscula
1104 1520 1547 1599 anni1790,ann0snatus
1568 1527 1617 1601 57ο

192 1607 269 1663 idem
286 1607 427 1663 volumen
444 1608 668 1684 complectitur:
694 1610 754 1686 Op.
773 1626 797 1666 1.
812 1611 1024 1687 Complectens

305 1714 309 1723 Ι
1063 1726 1066 1737 Ι
1192 1643 1305 1726 Typis
1322 1644 1446 1705 edidit:

193 1726 388 1787 quaesuones
414 1712 450 1767 de
473 1712 539 1768 Deo
562 1731 631 1780 Μ’
656 1729 885 1789 p.121-227.
917 1716 976 1792 Op‘
994 1732 1023 1772 ²⁶
1063 1748 1066 1777 ἰ
1191 1769 1334 1826 Lobrede
1358 1770 1411 1826 aui
1428 1770 1485 1826 den
1506 1770 1621 1844 seligen
1643 1768 1748 1826 Simon
1766 1768 1802 1823 de
1820 1768 1933 1824 Roxas.

1104 1872 1133 1951 (i.
1158 1893 1185 1930 e.
1214 1875 1320 1931 Oratio
1349 1876 1534 1950 panegyrica
1562 1876 1590 1929 in
1617 1872 1738 1930 beatum
1762 1869 1933 1928 Simeonem

1104 1975 1227 2055 habita.)
1243 1978 1457 2053 Vorgetragen
1472 1978 1529 2034 den
1547 1977 1577 2034 8.
1591 1979 1654 2034 Iuni
1672 1974 1762 2050 1767.
1784 1990 1796 2031 1
1812 1975 1871 2031 vol.
1890 1973 1932 2031 8⁰.

1104 2083 1248 2149 Viennae,
1270 2083 1360 2156 1767,
1378 2085 1459 2158 typis
1476 2082 1573 2158 Leop.
1591 2082 1694 2139 loann.
1713 2078 1880 2137 Kaliwoda.

193 1816 359 1872 Tractatus
375 1815 412 1871 de
428 1817 543 1890 angelis
561 1819 590 1872 in
603 1817 738 1874 nucleum
753 1819 903 1887 redactus,
921 1839 949 1896 p.
962 1834 1022 1893 227

195 1935 310 1992 —251.
336 1920 395 1995 Op.
417 1934 446 1992 3.
473 1921 608 1996 Parerga
630 1924 850 1998 scripturistica
874 1924 911 1979 ad
936 1938 1022 1981 tract.

193 2023 230 2079 de
243 2025 368 2098 angelis
386 2044 415 2100 p.
431 2039 446 2080 2
452 2025 611 2098 52—267.
636 2026 695 2101 Op.
710 2043 738 2098 4.
753 2029 887 2102 Parerga
899 2028 1024 2103 dogma·

193 2130 252 2185 tica
270 2129 307 2185 de
323 2131 546 2186 resurrectione
563 2132 661 2187 carnis
683 2131 720 2186 ad
738 2145 823 2188 tract.
842 2132 879 2188 de
894 2131 1024 2189 beatitu-

194 2234 272 2302 dine,
290 2255 319 2310 Ρ·
338 2233 518 2305 ²⁶8-291·
552 2237 611 2311 Op·
630 2250 659 2308 5·
681 2237 815 2311 Parerga
830 2237 867 2293 de
884 2236 952 2327 ¹53⁸
968 2256 1024 2314 po·
1189 2244 1473 2340 Nitzelberger
1508 2255 1711 2319 Alfredus
1742 2253 1934 2318 Aloisius

194 2341 282 2395 sitira
299 2339 408 2404 divina,
431 2359 459 2415 p.
478 2354 658 2413 292—315.
692 2342 751 2417 Op.
775 2341 803 2398 ὁ.
829 2340 1023 2399 Assertiones

195 2443 385 2519 theologicae
398 2443 435 2500 de
449 2444 560 2518 regulis
573 2444 651 2511 fidei,
669 2464 698 2520 p.
712 2443 894 2518 316—336.
920 2447 979 2522 Op.
995 2461 1022 2520 7.

195 2548 424 2624 propositiones
441 2548 478 2604 de
500 2550 715 2605 incarnationis
736 2551 890 2625 mysterio,
916 2571 944 2627 p.
960 2564 1022 2623 337

1106 2370 1361 2454 (Scotensis),
1379 2372 1539 2436 Viennae
1556 2373 1592 2435 in
1604 2372 1753 2435 Austria
1768 2372 1864 2434 vitae
1880 2371 1932 2432 lu-

1104 2513 1185 2555 men
1197 2494 1283 2558 adiit
1296 2494 1353 2557 die
1367 2500 1418 2559 25.
1431 2495 1535 2557 Febr.
1555 2500 1644 2559 1830.
1662 2493 1848 2578 Gymnasii
1860 2503 1933 2556 stu-

1105 2615 1162 2676 dia
1189 2636 1266 2678 cum
1294 2617 1422 2698 partim
1449 2617 1484 2679 in
1509 2617 1698 2700 gymnasio
1729 2616 1932 2679 academico

194 2666 309 2724 —393.
335 2654 444 2708 Omnia
460 2654 489 2707 in
511 2653 595 2708 1t'ol.
618 2659 660 2725 4⁰.
683 2655 824 2728 integum.
846 2667 938 2711 scort.
959 2656 1023 2712 ads.
1064 2668 1066 2691 ²

125 2804 131 2813 ,
195 2758 222 2810 in
239 2753 375 2812 biblioth,
394 2771 521 2812 monast.
540 2771 590 2829 51,
607 2777 637 2832 g.
653 2772 683 2829 3,
1063 2778 1066 2913 q
1104 2739 1232 2820 partim
1249 2740 1294 2801 ad
1311 2738 1755 2803 Benedictino·Scotenses
1771 2738 1932 2800 Viennae

1063 2932 1066 2975 Ι
1104 2862 1282 2939 coluisset,
1304 2861 1434 2922 ibidem
1455 2880 1480 2922 s
1498 2861 1621 2924 habitu
1642 2862 1786 2924 indutus
1803 2870 1858 2923 est
1875 2860 1931 2922 die

1063 2980 1066 2997 l

281 2880 317 2934 ll.
336 2877 534 2933 'I‘abularium
551 2877 708 2935 Scotense.
736 2880 877 2935 Continet
901 2893 1024 2936 cunctas

194 2982 261 3037 inde
282 2981 320 3037 ab
342 3001 420 3037 anno
447 2996 527 3054 1200
552 3000 647 3055 usque
671 2982 709 3038 ad
733 3001 840 3038 annum
869 2982 946 3055 1782
972 3001 1024 3039 ex·
1106 2983 1265 3065 21.Sept.
1280 2988 1370 3061 1854.
1384 2983 1610 3046 Probationis
1623 2994 1783 3064 tempore
1798 2983 1930 3063 elapso,
1965 3050 1968 3055 ,

195 3100 308 3143 stantes
326 3087 441 3142 litteras
463 3086 649 3142 fundatorias
674 3101 801 3144 monast.
824 3088 857 3143 B.
875 3088 915 3143 M.
929 3088 965 3145 V.
987 3087 1024 3143 ad
1104 3126 1183 3169 cum
1199 3116 1280 3169 vota
1300 3105 1482 3168 sollemnia
1498 3105 1567 3168 ritu
1588 3106 1645 3168 die
1662 3127 1712 3185 ²9·
1730 3104 1829 3186 Sept·
1851 3107 1929 3181 1857

195 3191 305 3248 Scotos
323 3191 465 3247 Viennae.
490 3190 619 3247 Adserv.
646 3192 673 3245 in
696 3192 820 3248 archivo
838 3206 964 3249 monast.
987 3192 1024 3248 ad
1063 3290 1065 3313 ζ
1105 3237 1347 3309 nuncupasset
1360 3227 1371 3288 i
1373 3238 1544 3308 ntereaqu
1548 3227 1778 3310 etheologiae
1791 3225 1930 3289 inuniv.

195 3300 315 3352 scotos.
1064 3326 1066 3401 i
1104 3351 1257 3414 Vindob.
1274 3370 1413 3412 cursum
1428 3361 1717 3430 consummasset,
1734 3351 1790 3412 die
1805 3356 1854 3412 ao.
1868 3349 1931 3412 lul.

280 3459 541 3533 Neundorfer
566 3472 746 3535 Ioannes
768 3471 1024 3556 (Scotensis),
1064 3442 1067 3537 i
1111 3478 1190 3552 1859
1212 3473 1412 3535 sacerdotio
1433 3474 1591 3535 initiatus
1611 3473 1689 3535 Deo
1711 3473 1860 3555 primam
1881 3472 1932 3534 in·

195 3588 355 3650 Viennae
381 3588 415 3650 in
436 3589 583 3651 Austria
608 3603 711 3652 natus
736 3603 791 3653 est
816 3590 873 3653 die
898 3613 927 3668 4.
945 3589 1024 3653 Oct.
1107 3605 1287 3659 cruentam
1303 3595 1455 3658 hostiam
1471 3597 1600 3658 obtulit
1616 3597 1673 3658 die
1690 3601 1741 3659 31.
1758 3595 1823 3658 Iuli
1841 3593 1931 3657 eius-

200 3716 289 3790 1732.
326 3709 361 3775 S.
389 3712 428 3775 P.
453 3712 564 3774 nostri
590 3712 776 3775 Benedicti
800 3713 922 3775 habitu
946 3732 1025 3774 cum
1064 3678 1066 3769 i
1107 3721 1186 3781 dem
1214 3718 1305 3781 anni.
1339 3716 1466 3781 Statim
1495 3718 1624 3781 deinde
1651 3719 1697 3780 ad
1721 3718 1871 3780 docendi
1897 3717 1930 3778 in

195 3834 338 3897 indutus
360 3844 456 3897 esset
477 3839 567 3915 1751,
592 3845 676 3898 vota
704 3835 886 3897 sollemnia
910 3835 1025 3898 emisit
1063 3824 1066 3943 i
1105 3861 1134 3904 c.
1151 3861 1177 3903 r.
1194 3841 1382 3924 gymnasio
1399 3841 1444 3902 ad
1461 3839 1590 3904 Scotos
1606 3861 1732 3903 munus
1753 3849 1808 3904 est
1825 3839 1931 3902 desti-

195 3958 532 4037 die15.Nov.1752.
557 3959 671 4021 Paulo
687 3971 770 4041 post
782 3959 955 4039 primitias
968 3978 1024 4021 ce·
1063 3948 1066 4025 i
1105 3973 1218 4027 natus
1247 3964 1514 4025 Tentaminihus
1538 3963 1690 4045 publicis
1713 3963 1771 4024 die
1797 3966 1825 4025 8.
1852 3960 1931 4026 Oct.

194 4082 351 4142 lebratas
364 4080 421 4142 die
439 4102 463 4142 1.
480 4081 552 4142 lan.
571 4086 650 4160 1758
665 4091 932 4163 cooperatorem
949 4081 1024 4164 egit
1063 4036 1066 4157 i
1110 4091 1189 4163 1804
1203 4106 1266 4168 pro
1280 4087 1537 4149 mathematicis
1548 4107 1613 4148 nec
1624 4106 1693 4148 non
1702 4086 1860 4168 physicis
1870 4104 1931 4165 ap—

195 4203 230 4265 in
253 4204 456 4264 suburbano
474 4201 728 4285 (iumpendorf,
754 4203 953 4285 deindeque
978 4204 1025 4265 ad
1064 4200 1066 4205 ’
1105 4211 1287 4290 probatus,
1302 4212 1494 4271 earundem
1506 4209 1772 4291 disciplinarum
1784 4208 1933 4269 actualis

195 4347 221 4387 S·
240 4325 464 4397 i..'dalricum;
482 4327 575 4386 unde
592 4325 626 4387 in
643 4325 896 4388 mOHaSterium
912 4326 1025 4387 redux
1064 4326 1066 4343 ²
1106 4331 1287 4413 professor
1307 4333 1364 4394 die
1386 4337 1432 4394 18.
1449 4332 1522 4394 Ian.
1545 4337 1620 4410 1871
1641 4342 1696 4394 est
1712 4331 1932 4413 designatus.

196 4448 426 4510 concionator
434 4447 609 4510 festivalis
622 4459 658 4509 et
671 4458 814 4510 curatus
827 4447 958 4510 ibidem
972 4457 1026 4510 est
1064 4456 1067 4595 1
1106 4455 1300 4535 Postquam
1318 4455 1395 4536 ipse
1412 4455 1469 4516 die
1486 4476 1511 4516 1.
1525 4454 1612 4516 Maii
1630 4458 1709 4516 1866
1725 4452 1933 4515 societatem

194 4569 311 4632 iactus
333 4574 510 4649 1701-85,
528 4589 572 4631 ex
586 4589 656 4650 quo
673 4578 816 4632 curatus
833 4569 948 4632 evasit
963 4588 1025 4650 pa·
1106 4568 1415 4649 meteorologicam
1439 4566 1592 4628 Vindob.
1621 4587 1699 4629 cum
1727 4565 1803 4628 aliis
1827 4585 1933 4646 quam

194 4693 336 4755 rochiae
358 4694 394 4755 in
415 4693 584 4755 suburbio
602 4693 826 4775 Alsergrund
847 4696 1025 4770 1705-60.
1064 4714 1067 4841 q
1105 4690 1265 4771 plurimis
1277 4688 1449 4769 fundavit,
1466 4690 1597 4751 multae
1613 4690 1703 4751 aliae
1720 4690 1810 4751 alius
1826 4708 1934 4771 gene·

195 4812 282 4877 Cum
299 4815 428 4877 deinde
443 4816 672 4878 concionator
685 4815 880 4878 matutinus
893 4826 928 4878 et
941 4835 1026 4897 qua·
1065 4872 1067 4889 ,
1106 4812 1153 4873 ris
1170 4822 1205 4874 et
1221 4811 1371 4874 nominis
1388 4813 1579 4875 societates
1596 4811 1841 4889 Vindobonae,
1858 4812 1933 4873 sive

195 4937 443 5019 dragesimalis
468 4939 513 4999 ad
538 4958 564 5001 s.
586 4937 804 5018 Udalricum,
828 4939 1026 5018 iterumque
1065 4904 1067 4933 Ι
1107 4933 1242 4996 artibus
1259 4944 1295 4995 et
1311 4934 1439 4996 litteris
1456 4931 1714 5014 amplificandis
1734 4943 1816 4995 sunt
1836 4932 1933 4995 insti·

194 5070 339 5122 curatus
356 5061 390 5122 in
408 5060 621 5123 monasterio
633 5059 769 5141 fuisset,
792 5078 872 5138 1770
889 5079 954 5140 per
966 5058 1027 5121 ali·
1107 5065 1219 5137 tutae,
1237 5056 1286 5118 uti
1304 5057 1458 5119 societas
1475 5056 1769 5139 anthropologica
1782 5076 1846 5118 nec
1864 5075 1933 5118 non

195 5195 281 5264 quot
305 5203 445 5245 menses
470 5183 616 5264 parochi
640 5183 675 5244 in
699 5184 803 5245 domo
828 5201 1026 5264 pauperum
1066 5150 1068 5225 i
1108 5178 1502 5260 chemicophysicalica,
1539 5178 1614 5240 sive
1654 5198 1696 5240 ea
1734 5189 1857 5241 curant
1897 5190 1934 5241 et

194 5304 311 5368 officio
327 5305 480 5381 functuS,
493 5305 698 5386 parochiam
712 5307 856 5367 tandem
869 5303 1026 5385 suscepit
1065 5364 1067 5407 ÷
1107 5310 1228 5382 agunt,
1242 5320 1334 5382 quae
1347 5301 1575 5363 humanitatis
1588 5301 1785 5383 videantur,
1802 5321 1881 5364 eum
1898 5301 1933 5364 in

195 5427 229 5489 in
247 5425 505 5508 Gumpendorf,
522 5447 627 5507 quam
644 5426 790 5508 egregie
804 5423 1025 5488 administra·
1064 5486 1067 5501 ,
1107 5421 1280 5484 sociorum
1289 5442 1471 5485 numerum
1481 5433 1723 5504 susceperunt.
1736 5424 1933 5487 Annovero
