4252 6112
920 448 1204 499 -210-

275 644 385 700 XXIV.
401 641 604 698 Nachrichten
621 638 696 696 fiber
712 638 769 696 den
785 637 945 712 Ursprung
962 636 1020 692 und

190 749 239 807 die
255 748 492 824 Fortpflanzung
512 745 566 802 der
582 745 705 801 wahren
721 742 862 818 Religion
882 739 932 798 bei
953 740 1020 797 dem

189 852 410 911 auserwahlten
426 850 524 908 Volke
540 852 578 906 im
595 850 675 906 alten
696 848 754 904 und
771 847 893 905 beiden
910 846 1020 902 Recht-

189 957 360 1033 glaubigen
369 958 407 1011 im
424 974 521 1011 neuen
538 953 650 1010 Bunde.
672 954 726 1008 Mit
741 951 946 1024 Erlauterung
967 949 1021 1006 der

190 1060 452 1120 Glaubenslehren
464 1060 519 1116 der
529 1059 611 1115 kath.
626 1058 747 1114 Kirche.
765 1052 794 1133 (i.
806 1076 832 1113 e.
846 1055 1021 1112 Relationes
1083 1096 1098 1121 .,

190 1168 228 1224 de
259 1168 379 1240 origine
410 1178 440 1220 et
470 1166 692 1239 propagatione
722 1180 814 1218 verae
845 1157 1021 1236 religionis.)

192 1272 219 1327 11
237 1284 309 1328 tom.
327 1271 426 1335 Wien‚
448 1267 539 1340 1835.

278 1375 372 1431 XXV.
389 1370 490 1430 Ueber
503 1371 550 1428 die
559 1372 690 1445 Leitung
703 1370 756 1426 der
768 1369 935 1445 gdttlichen
944 1368 1022 1424 Vor-

192 1481 318 1554 sehung.
335 1474 365 1555 (i.
384 1496 411 1534 0.
430 1478 475 1533 1)0
492 1475 592 1532 divina
608 1471 818 1552 providentia.)
836 1472 935 1529 Wien.

278 1582 388 1640 XXVI.
398 1579 499 1639 Ueber
511 1581 559 1637 die
568 1578 853 1653 Glaubwtirdigkeit
864 1576 924 1633 und
932 1576 1023 1633 Gott-

193 1690 315 1747 lichkeit
338 1687 393 1743 der
414 1686 531 1742 Biicher
553 1685 607 1740 der
632 1684 699 1740 11011.
721 1681 842 1740 Schrilt.
871 1679 900 1759 (i.
925 1700 951 1737 e.
976 1681 1023 1735 De

193 1796 321 1851 veritate
330 1806 360 1848 et
370 1791 526 1847 divinitate
535 1787 678 1846 librorum
689 1808 713 1845 s.
724 1783 914 1865 scripturae.)
923 1785 1022 1842 Wien.

281 1905 437 1977 larotta
460 1909 667 1993 Georgius
691 1909 885 1993 Ignatius
911 1909 972 1992 (de
996 1927 1023 1972 5.

193 2034 334 2097 Monte
350 2030 616 2111 Pannoniae),
634 2049 661 2092 5.
675 2027 877 2110 theologiae
890 2028 1023 2106 doctor,

194 2153 471 2236 Albae-Regiae
493 2172 580 2216 com.
602 2152 760 2214 eiusdem
784 2150 819 2211 in
839 2148 1024 2230 Hungaria

195 2277 253 2340 die
277 2281 306 2338 ὁ.
328 2274 414 2338 Maii
443 2294 525 2353 1790
548 2283 661 2354 001115,
686 2273 743 2336 die
766 2293 815 2351 29.
837 2270 916 2335 Oct.
943 2274 1024 2333 1806

196 2419 222 2462 s.
246 2397 369 2460 habitu
393 2396 550 2475 indutus,
573 2405 658 2458 vota
682 2393 866 2456 sollemnia
891 2392 949 2454 die
977 2412 1023 2470 19.

196 2519 296 2602 Sept.
328 2523 403 2581 1811
439 2516 564 2580 emisit.
605 2522 780 2594 1812—14
812 2514 1024 2597 professoris

195 2662 315 2725 gymn.
332 2638 449 2702 officio
465 2638 610 2701 Posonii
630 2638 782 2718 functus,
810 2641 976 2715 1814-16
997 2656 1023 2698 s.

195 2763 397 2845 theologiae
413 2761 550 2842 studiis,
571 2761 700 2843 quibus
716 2760 786 2822 iam
807 2763 971 2838 1809—12
990 2759 1025 2822 in

195 2905 223 2949 s.
236 2892 354 2947 monte
367 2891 568 2964 vacaverat,
589 2884 705 2945 denuo
721 2882 757 2943 in
770 2881 1024 2944 univ.Vind0b.

196 3027 341 3089 operam
354 3005 462 3087 dedit,
480 3004 608 3086 quibus
622 3005 796 3067 absolutis
809 3004 867 3067 die
880 3025 931 3067 20.
945 3002 1024 3067 001.

199 3133 279 3192 1810
289 3127 479 3190 sacerdotii
490 3136 749 3189 sacramentum
758 3127 927 3208 suscepit.
944 3130 1025 3188 1810

194 3254 324 3313 -1820
339 3249 520 3330 professor
535 3249 641 3310 theol.
655 3248 796 3310 moralis
812 3259 849 3311 et
864 3257 1025 3330 pastora-

195 3373 238 3435 lis
255 3372 290 3435 in
307 3392 333 3435 5.
350 3379 479 3452 monte,
501 3374 663 3433 1820—21
684 3371 948 3435 administrator
964 3392 1026 3453 pa·

195 3495 337 3557 rochiae
350 3493 385 3555 in
397 3492 549 3574 Nyalka,
568 3497 732 3555 1821—22
747 3493 782 3555 in
795 3494 823 3555 F
826 3495 923 3575 iired,
945 3499 1023 3557 1822

194 3620 323 3679 —1828
344 3615 471 3677 iterum
492 3615 596 3677 theol.
615 3614 757 3676 moralis
779 3626 814 3677 et
835 3616 1026 3697 pastoralis

195 3739 376 3820 professor
387 3737 423 3798 in
436 3756 462 3798 s.
476 3743 605 3816 monte,
623 3739 788 3798 1828-32
804 3737 1026 3800 administra·

196 3870 251 3924 tor
266 3858 509 3941 parochiaelin
525 3858 651 3938 Deaki,
673 3861 719 3920 ab
741 3878 833 3922 anno
854 3862 1025 3923 18321011-

196 4001 263 4045 nus
290 3979 503 4064 professoris
531 3979 638 4042 studii
666 3979 787 4042 biblici
820 3991 855 4044 et
882 3981 1026 4064 linguae

195 4102 397 4167 Hebraicae
414 4101 449 4162 in
466 4120 492 4162 5.
509 4110 628 4163 monte
645 4100 743 4182 obiit,
766 4104 879 4164 donec
901 4103 958 4164 die
975 4108 1026 4166 3ο.

197 4225 282 4288 Maii
303 4229 380 4302 1837
399 4222 494 4304 piam
510 4222 590 4284 Deo
606 4223 761 4286 reddidit
777 4224 939 4286 animam.

287 4346 326 4407 In
348 4346 455 4407 rebus
477 4344 685 4426 theologicis
707 4345 813 4427 longe
829 4345 1028 4408 versatissi-

198 4487 275 4530 mus
295 4475 438 4548 praeter
466 4465 706 4547 manuscripta
737 4467 782 4528 ad
806 4477 947 4536 cantum
972 4489 1028 4530 ec·

199 4587 435 4653 clesiasticum
452 4586 667 4667 pertinentia
683 4587 839 4669 reliquit:

287 4717 309 4772 1.
319 4713 491 4788 'I‘heologia
504 4713 677 4789 pastoralis.
695 4715 880 4770 Concinnata
897 4734 914 4770 a
928 4715 1028 4772 Geor·

198 4823 250 4896 gio
263 4821 386 4875 larotta.
399 4821 454 4875 Ms.
465 4825 507 4892 4⁰.
521 4818 708 4875 Adservatur
721 4821 750 4874 in
762 4816 946 4876 bibliotheca
959 4840 1028 4876 cen·

199 4925 265 4981 trali
283 4926 312 4980 in
328 4944 353 4980 s.
370 4938 480 4980 monte.

286 5028 323 5084 II.
334 5029 538 5104 Manuscripta
549 5026 670 5084 biblica.
684 5034 727 5100 4⁰.
746 5042 809 5101 910
822 5047 851 5103 p.
869 5028 942 5084 Ads.
955 5027 1026 5084 ibid.

287 5139 415 5211 lauch
432 5148 640 5213 Geroldus
658 5150 901 5233 (Murensis),
923 5152 1029 5234 origi-

201 5284 282 5327 nem
302 5267 410 5329 trahit
431 5286 475 5329 ex
492 5267 557 5329 Uri
574 5267 761 5331 Helvetiae
786 5268 843 5330 die
864 5288 912 5347 17.
929 5267 1029 5350 Sept.

207 5390 479 5466 1773,1010111111
502 5390 691 5470 sponsione
716 5411 754 5452 se
779 5389 953 5473 obligavit
973 5391 1030 5452 die

1103 652 1153 695 21.
1170 630 1260 694 Nov.
1281 649 1360 709 1792
1379 637 1416 693 01
1431 629 1600 691 sacerdos
1621 627 1861 710 inauguratus
1882 606 1936 688 est

1102 753 1160 816 die
1184 774 1235 831 24.
1257 751 1357 833 Sept.
1383 771 1473 830 1797.
1498 751 1681 813 Laudatur
1702 761 1742 812 ut
1764 747 1934 832 egregius

1101 875 1327 958 organoiidus
1354 884 1390 937 et
1416 873 1569 936 musices
1597 872 1799 936 instructor.
1836 869 1933 934 Obiit

1101 998 1159 1061 die
1176 1019 1227 1061 22.
1244 998 1322 1063 Oct.
1344 1001 1434 1075 1824.
1459 995 1680 1076 Composuit:

1189 1125 1211 1181 I.
1236 1125 1352 1180 Musica
1367 1141 1424 1199 pro
1445 1125 1539 1179 missa
1559 1122 1694 1179 sollemni
1711 1123 1741 1178 in
1756 1140 1857 1178 coena
1873 1121 1932 1178 Do·

1102 1229 1181 1285 mini.
1206 1230 1239 1284 ln
1255 1241 1383 1285 monast.
1401 1227 1501 1284 Gries.

1188 1332 1226 1389 11.
1252 1330 1270 1388 6
1293 1331 1467 1406 Magnificat
1486 1333 1515 1387 in
1536 1331 1606 1387 hon.
1627 1331 1659 1386 B.
1677 1331 1717 1387 M.
1731 1330 1768 1387 V.
1786 1349 1806 1386 a
1821 1346 1841 1403 4
1858 1348 1932 1397 voc,

1104 1437 1226 1493 violonc
1242 1449 1272 1492 et
1288 1454 1414 1511 organo.
1432 1433 1506 1493 Ibid.

1189 1541 1242 1598 III.
1260 1540 1279 1598 8
1297 1541 1469 1616 Magnificat
1485 1559 1503 1596 a
1515 1557 1534 1612 4
1548 1559 1628 1609 voc„
1645 1558 1762 1616 organo
1776 1540 1933 1597 01110100·

1104 1645 1191 1702 cello.
1209 1644 1283 1702 Ibid.

1190 1749 1241 1807 IV.
1260 1749 1476 1824 Kurzgefasste
1492 1749 1608 1823 Regeln
1624 1748 1678 1805 der
1692 1749 1837 1806 Partitur.
1863 1747 1892 1826 (i.
1908 1768 1933 1807 e.

1104 1855 1240 1929 Regulae
1253 1854 1290 1911 de
1302 1873 1416 1911 summa
1429 1856 1559 1911 omniurn
1572 1851 1702 1932 vocum.)
1719 1861 1762 1927 4⁰.
1781 1872 1801 1924 9
1815 1876 1845 1933 p.
1863 1855 1935 1913 Ibid.

1191 1999 1320 2074 Iedlik
1343 2012 1534 2075 Anianus
1555 2011 1800 2094 Stephanus
1826 2017 1935 2098 (des.

1104 2125 1244 2189 Monte
1260 2128 1525 2212 Pannoniae),
1551 2131 1699 2215 insignis
1722 2132 1860 2196 ordinis
1882 2153 1936 2196 co·

1104 2267 1213 2310 ronae
1236 2248 1373 2313 ferreae
1401 2255 1431 2313 3.
1458 2251 1582 2314 0105515
1607 2272 1735 2336 eques,
1760 2274 1815 2317 aa.
1842 2256 1878 2317 ll.
1903 2264 1936 2318 et

1104 2369 1351 2452 philosophiae
1373 2374 1505 2454 doctor,
1527 2395 1600 2438 0.1.
1621 2383 1657 2437 01
1677 2396 1736 2458 ap.
1752 2376 1840 2442 Mai.
1857 2397 1935 2440 con·

1105 2491 1270 2572 siliarius,
1295 2493 1416 2577 regiae
1441 2495 1667 2559 scientiarum
1690 2498 1935 2562 universitatis

1104 2611 1334 2696 Hungaricae
1354 2618 1521 2680 emeritus
1541 2629 1658 2682 rector
1672 2621 1888 2703 magnificus
1903 2634 1936 2686 et

1105 2734 1295 2819 professor,
1308 2741 1514 2803 academiae
1527 2742 1744 2805 eruditorum
1756 2744 1935 2828 Hungari·

1105 2876 1168 2918 cae
1194 2858 1326 2922 sodalis
1349 2862 1396 2923 ad
1421 2863 1583 2945 honores,
1606 2884 1681 2946 reg.
1707 2866 1937 2948 physicorum

1105 2979 1287 3043 societatis
1300 2983 1509 3066 ordinarius,
1522 2988 1691 3049 sacerdos
1702 2986 1876 3053 iubilaris.
1899 2989 1937 3052 In

1152 3066 1164 3089 .

1106 3102 1232 3166 Szemd
1259 3123 1347 3166 corn.
1372 3104 1667 3170 Comaromiensis
1691 3109 1727 3172 in
1749 3110 1937 3192 Hungaria

1106 3225 1163 3289 die
1177 3249 1224 3289 11.
1234 3227 1308 3305 Ian.
1325 3233 1407 3290 1800
1418 3240 1533 3310 natus,
1546 3230 1670 3293 habitu
1683 3251 1710 3294 s.
1725 3230 1784 3293 die
1798 3236 1849 3297 25.
1861 3232 1936 3298 001.

1111 3356 1189 3430 1817
1216 3351 1369 3433 indutus,
1394 3352 1451 3414 die
1480 3374 1526 3430 14.
1544 3353 1632 3435 Apr.
1661 3357 1737 3416 1821
1763 3365 1850 3419 vota
1874 3356 1937 3418 sol·

1106 3473 1236 3535 lemnia
1253 3474 1378 3536 emisit.
1403 3475 1463 3536 Ab
1484 3495 1577 3537 anno
1602 3481 1768 3539 1822—23
1796 3496 1937 3540 munere

1106 3594 1318 3676 professoris
1335 3596 1466 3658 10111101
1482 3596 1634 3679 10001115,
1665 3602 1744 3662 1823
1768 3602 1886 3663 redux
1904 3601 1936 3663 in

1106 3729 1261 3779 montem
1282 3737 1421 3779 sacrum
1443 3720 1558 3781 denuo
1579 3720 1705 3782 studiis
1726 3721 1937 3805 theologicis

1107 3848 1212 3902 antea
1225 3841 1432 3920 interruptis
1445 3860 1590 3922 operam
1604 3843 1724 3924 dabat,
1733 3844 1868 3925 quibus
1880 3846 1937 3906 ab·

1107 3963 1231 4025 solutis
1249 3963 1306 4024 die
1322 3967 1352 4026 3.
1370 3961 1469 4044 Sept.
1492 3968 1571 4026 1825
1588 3967 1780 4048 presbyter
1800 3967 1937 4029 ordina·

1106 4096 1164 4148 tus
1181 4093 1245 4148 est.
1269 4085 1408 4147 Deinde
1425 4084 1606 4165 professor
1621 4087 1795 4169 physicae
1816 4093 1938 4152 1825-

1113 4211 1189 4269 1831
1210 4208 1306 4287 apud
1323 4207 1483 4269 alumnos
1501 4227 1527 4271 s.
1545 4207 1677 4270 ordinis
1694 4208 1838 4292 Iaurini,
1861 4214 1934 4272 1831

1107 4334 1237 4407 -1840
1261 4329 1295 4391 10
1317 4330 1501 4392 academia
1520 4330 1740 4413 Posoniensi,
1770 4336 1938 4412 1840-78

1108 4453 1144 4514 in
1159 4451 1259 4534 regia
1281 4452 1505 4514 scientiarum
1522 4452 1756 4515 universitate
1773 4453 1937 4537 idemque

1109 4573 1222 4636 musei
1234 4574 1373 4656 physici
1386 4594 1542 4656 praeses,
1560 4595 1606 4637 ex
1619 4595 1689 4656 quo
1702 4541 1795 4637 anno
1808 4575 1940 4639 10111101

1108 4695 1235 4757 fruitur
1251 4697 1335 4757 data
1352 4695 1421 4776 ipsi
1436 4697 1590 4759 muneris
1607 4697 1806 4762 vacatione.

1195 4817 1235 4879 In
1247 4819 1352 4879 rebus
1361 4817 1520 4900 physicis
1528 4819 1624 4880 haud
1632 4838 1780 4899 parvam
1789 4819 1940 4902 gloriam

1109 4950 1322 5002 consecutus
1339 4950 1482 5021 praeter
1502 4940 1637 5003 minora
1654 4941 1831 5021 quaedam
1852 4943 1941 5005 haec

1109 5061 1264 5141 scripsit:

1198 5189 1220 5243 1.
1234 5188 1398 5263 Bereitung
1410 5189 1594 5246 kiinstlicher
1607 5187 1795 5265 Sauerlinge.
1813 5187 1843 5268 (i.
1854 5210 1881 5249 e.
1897 5191 1943 5247 De

1110 5294 1197 5367 aquis
1206 5292 1380 5349 carbonatis
1389 5293 1551 5349 artificiose
1563 5292 1796 5373 comparandis.)
1804 5296 1852 5352 In:
1862 5298 1943 5353 Zeit-

1110 5397 1216 5453 schrift
1233 5396 1279 5453 1111
1295 5398 1407 5473 Physik
1423 5397 1482 5453 und
1495 5398 1585 5455 Math.
1598 5417 1658 5455 100
1671 5398 1707 5455 Α.
1721 5399 1945 5476 Baumgartner
