4222 6106
910 503 953 513 —
998 466 1122 529 LXIII
1167 503 1208 513 —

188 693 234 752 de
258 691 473 772 eloquentia.
512 688 632 771 Saepe
656 690 918 771 disputationes
942 691 1227 772 instituebantur,
1252 691 1288 753 in
1312 691 1441 772 quibus
1466 691 1631 772 discipuli
1654 693 1775 754 theses
1797 713 1928 775 propo-

188 830 278 891 sitas
302 828 545 891 defendebant
569 835 607 890 et
629 827 803 910 quidquid
831 838 954 893 contra
982 829 1182 911 dicebatur,
1211 829 1431 894 refellebant.
1478 829 1566 893 Cum
1598 830 1834 913 professores,
1868 832 1927 913 qui

187 969 400 1047 plerumque
427 987 473 1029 ex
501 966 756 1047 capitularibus
786 966 1110 1030 Cremifanensibus
1142 979 1259 1050 erant,
1291 977 1455 1049 spectata
1487 977 1608 1030 essent
1638 968 1787 1031 scientia
1818 980 1926 1051 atque

187 1104 332 1185 virtute,
357 1124 440 1167 mox
464 1103 596 1184 ubique
620 1103 773 1166 innotuit
796 1105 1001 1167 academiae
1025 1124 1170 1187 nomen,
1202 1116 1310 1186 atque
1341 1105 1443 1185 pueri
1474 1105 1612 1167 nobiles
1640 1125 1710 1169 non
1739 1107 1852 1168 solum
1881 1126 1928 1169 ex

188 1242 341 1305 Austria
364 1255 400 1305 et
422 1242 619 1324 Hungaria,
643 1243 707 1304 sed
732 1242 839 1305 etiam
863 1263 883 1305 e
907 1241 1109 1323 Germania,
1127 1243 1288 1325 Francia,
1305 1243 1408 1305 Italia
1424 1242 1630 1323 frequentes
1646 1243 1927 1323 adveniebant¹).

320 1380 361 1441 In
385 1379 566 1461 Bohemia,
591 1399 807 1461 quamquam
829 1381 925 1442 bello
949 1380 1097 1463 triginta
1124 1399 1296 1442 annorum
1323 1399 1481 1441 summae
1513 1391 1621 1461 atque
1652 1380 1928 1443 innumerabiles

187 1517 414 1580 calamitates
438 1528 539 1580 erant
562 1530 744 1600 acceptae,
769 1527 888 1580 tamen
912 1517 1136 1580 Benedictini
1160 1517 1367 1582 monasterii
1391 1516 1670 1579 Braunaviensis
1698 1518 1841 1580 scholae
1866 1518 1928 1579 im·

185 1655 294 1737 pigre
310 1674 457 1737 operam
473 1657 618 1719 dabant.
650 1656 778 1719 Abbas
794 1658 919 1719 Benno
937 1657 1214 1719 Braunaviensis
1232 1659 1242 1736 (
1248 1657 1482 1737 1621-1646),
1507 1676 1585 1718 cum
1603 1657 1711 1737 (1624)
1728 1657 1929 1737 aperuisset

187 1793 351 1856 scholam
375 1795 524 1857 duarum
548 1795 725 1877 classium,
754 1815 825 1876 quo
848 1796 969 1876 plures
992 1797 1216 1857 traderentur
1239 1806 1345 1877 arteS,
1373 1793 1492 1855 David
1517 1791 1710 1875 Georgium
1735 1792 1928 1856 Cornerum

186 1930 536 2013 Hirschbergensem
561 1934 593 2014 (e
617 1931 769 2012 Silesia),
794 1932 854 2013 qui
876 1932 975 1994 libris
998 1932 1104 1995 editis
1132 1952 1298 2014 magnam
1325 1932 1466 1995 laudem
1495 1931 1687 1994 adsecutus
1714 1943 1792 1994 erat
1820 1941 1928 2012 atque

185 2069 371 2150 posterius
394 2071 508 2131 abbas
531 2069 736 2132 monasterii
760 2067 1005 2131 Gottvicensis
1028 2069 1145 2132 factus
1170 2080 1234 2150 est,
1265 2069 1489 2150 eloquentiae
1521 2070 1702 2133 doctorem
1732 2069 1927 2132 arcessivit.

186 2206 323 2268 Paucis
347 2206 450 2269 annis
472 2216 556 2287 post
579 2208 724 2269 scholae
748 2208 837 2269 duas
861 2207 993 2270 adiecit
1017 2209 1151 2270 classes
1174 2218 1283 2289 atque
1308 2207 1444 2270 clericis
1468 2207 1671 2270 monasterii
1701 2208 1755 2270 sui
1787 2228 1927 2271 cursum

187 2343 477 2425 philosophicum
499 2344 663 2426 instituit,
687 2346 733 2407 ad
758 2365 862 2426 quem
886 2346 993 2408 etiam
1017 2346 1265 2408 adolescentes
1288 2345 1369 2408 laici
1393 2346 1682 2410 admittebantur.
1716 2346 1804 2410 Cum
1826 2345 1928 2409 multi

187 2482 275 2544 anni
299 2481 524 2544 transiissent
539 2482 636 2562 pleni
651 2483 882 2546 vexationum
899 2483 984 2546 belli
1000 2484 1210 2565 calamitosi,
1235 2483 1496 2546 funestissimus
1520 2484 1653 2566 ingruit
1676 2504 1789 2547 annus
1808 2486 1927 2567 (1647),

188 2639 262 2702 quo
295 2631 438 2700 praeter
467 2622 601 2684 bellum
633 2631 670 2684 et
699 2622 939 2703 pestilentiam
973 2622 1081 2686 tertia
1115 2623 1281 2704 apparuit
1314 2623 1387 2685 irae
1422 2622 1590 2685 coelestis
1623 2623 1769 2702 nuncia,
1804 2622 1928 2685 fames.

187 2758 338 2820 Fratres
361 2759 659 2841 Braunavienses,
684 2761 743 2842 qui
768 2780 880 2843 usque
904 2762 950 2823 ad
974 2761 1067 2844 hunc
1091 2781 1221 2823 annum
1244 2761 1342 2823 varie
1366 2760 1494 2842 agitati
1523 2760 1608 2823 nihil
1636 2761 1857 2824 remisissent
1884 2762 1929 2822 de

187 2896 374 2976 industria,
398 2906 438 2959 ut
458 2897 570 2960 vitam
593 2908 844 2981 sustentarent,
866 2900 903 2962 in
925 2899 1140 2962 monasteria
1164 2899 1413 2978 Btevnovium,
1437 2900 1684 2982 Raigradium,
1709 2922 1735 2963 s.
1750 2899 1928 2981 Procopii,

187 3056 215 3098 s,
247 3036 392 3099 Ioannis
424 3036 670 3120 confugerunt.
716 3039 813 3101 Pace
840 3038 1089 3120 Westphalica
1120 3041 1229 3121 (1648)
1263 3038 1466 3119 constituta,
1495 3039 1616 3100 schola
1640 3038 1928 3119 Braunaviensis,

188 3193 284 3254 quae
314 3174 421 3254 plane
453 3183 675 3257 cessaverat,
711 3177 829 3239 denuo
864 3176 1022 3239 excitata
1056 3195 1139 3239 mox
1170 3196 1300 3259 magna
1333 3176 1438 3238 laude
1474 3175 1628 3239 effloruit
1662 3195 1727 3257 per
1760 3178 1928 3238 abbatem

188 3312 436 3394 Augustinum
460 3315 711 3397 (roez—1663),
737 3316 797 3396 qui
813 3335 884 3377 non
900 3316 1013 3377 solum
1037 3334 1057 3376 e
1080 3278 1290 3377 Iesuitarum
1315 3314 1444 3377 scholis
1467 3314 1640 3376 rationem
1665 3314 1861 3376 studiorum
1886 3333 1928 3375 eo

188 3461 354 3531 tempore
377 3451 503 3514 merito
527 3455 743 3516 celebratam
767 3453 944 3534 assumsit,
975 3454 1040 3516 sed
1068 3453 1175 3515 etiam
1206 3454 1396 3517 monachos
1427 3472 1510 3514 suos
1541 3454 1587 3514 ad
1618 3453 1771 3515 docendi
1802 3472 1929 3514 munus

187 3589 432 3652 instituendos
456 3589 599 3653 Iesuitis
623 3589 778 3654 tradidit.
825 3590 1021 3672 Augustini
1045 3599 1082 3652 et
1104 3590 1272 3670 Thomae,
1303 3589 1364 3670 qui
1392 3589 1442 3651 illi
1470 3590 1644 3653 successit
1677 3590 1928 3670 (roos—1700),

186 3726 320 3790 studiis
344 3727 479 3791 factum
503 3740 569 3809 est,
592 3739 631 3792 ut
655 3749 780 3791 cursus
803 3728 1072 3810 philosophicus
1096 3738 1273 3791 cresceret
1302 3728 1337 3790 in
1366 3728 1494 3791 iustam
1519 3728 1677 3790 scholam
1708 3739 1744 3790 et
1775 3729 1930 3808 philoso-

186 3866 298 3947 phiae
323 3875 360 3928 et
379 3867 582 3950 theologiae
600 3868 780 3931 doctrinas
797 3869 1103 3948 complectentem.
1137 3865 1322 3949 Gymnasii
1339 3867 1558 3947 disciplinae,
1576 3868 1620 3928 de
1637 3867 1766 3948 quibus
1781 3868 1929 3930 multum

186 4023 233 4065 ea
257 4001 537 4084 amplificatione
562 4006 762 4067 detractum
785 4016 871 4085 erat,
896 4005 931 4067 in
952 4004 1138 4085 pristinum
1154 4004 1340 4067 restitutae
1358 4016 1440 4067 sunt
1455 4024 1521 4085 per
1536 4007 1704 4068 abbatem
1723 4006 1929 4067 Bennonem

185 4140 380 4202 Lohelium
399 4143 650 4224 (1738—1751),
675 4143 735 4224 qui
757 4143 860 4205 bellis
876 4141 1129 4206 Silesiensibus
1146 4142 1359 4206 monasterio
1377 4143 1635 4205 Braunaviensi
1653 4143 1932 4206 damnosissimis

185 4300 261 4342 non
287 4281 499 4360 perterritus
522 4301 588 4344 nec
612 4281 795 4364 impensae
819 4302 885 4344 nec
908 4281 1020 4344 labori
1048 4280 1211 4363 pepercit
1225 4283 1259 4361 ²).
1306 4282 1403 4343 Idem
1435 4282 1563 4345 comite
1592 4281 1759 4364 Philippo
1787 4284 1931 4365 Kinsky

184 4419 369 4481 suadente
403 4427 511 4500 atque
538 4419 654 4482 Maria
678 4420 848 4486 Therasia
878 4419 1104 4501 imperatrice
1135 4429 1282 4500 optante
1314 4420 1587 4501 pulcherrimum
1618 4421 1714 4503 cepit
1745 4423 1931 4485 consilium

183 4555 403 4619 condendae
427 4555 462 4617 in
486 4558 574 4618 urbe
591 4557 711 4639 Praga
726 4557 930 4620 academiae
947 4577 1136 4638 puerorum
1152 4556 1330 4639 nobilium,
1348 4559 1404 4621 cui
1421 4569 1582 4639 sumptus
1606 4579 1625 4621 e
1650 4561 1929 4642 congregatione

183 4658 431 4756 Benedictina
455 4693 884 4757 Bohemico·Moraviensi
907 4697 1164 4777 praeberentur
1188 4705 1296 4776 atque
1318 4695 1541 4775 professores
1565 4716 1612 4757 ex
1635 4699 1759 4759 eadem
1784 4717 1932 4779 congre-

183 4831 342 4914 gatione
367 4831 602 4894 mitterentur.
649 4831 754 4912 Quod
777 4853 822 4894 ne
845 4830 964 4914 fieret,
998 4834 1111 4895 altera
1134 4833 1326 4895 Borussica
1356 4833 1556 4897 incursione
1587 4834 1795 4916 impeditum
1827 4845 1883 4896 est
1896 4835 1931 4912 ³).

328 5066 348 5143 ¹)
373 5069 461 5142 Hagn
487 5067 504 5123 i.
530 5087 555 5124 c.

327 5181 349 5259 2)
373 5181 582 5248 Matauschek,
608 5182 793 5239 Geschichte
817 5183 871 5239 des
896 5182 1110 5258 Gymnasiums
1134 5185 1282 5240 Braunau.

326 5291 350 5370 ³)
374 5291 479 5349 Abbas
503 5295 614 5360 Benno‚
641 5307 673 5350 ut
696 5298 887 5371 propositum
906 5309 1133 5370 exsequeretur,
1158 5293 1588 5369 MagnoaldumZiegelbauer
1610 5291 1761 5374 (†1750),
1784 5298 1879 5353 virum
1896 5296 1934 5353 de

184 5407 287 5465 rebus
314 5406 429 5462 ordinis
452 5406 618 5466 scribendis
644 5408 881 5475 meritissimum,
914 5427 931 5464 e
960 5407 1149 5464 Zwicialtern
1178 5408 1340 5465 advocavit
1371 5408 1399 5462 in
1431 5409 1643 5464 monasterium
1674 5428 1699 5465 s.
1723 5409 1935 5483 Margarethae
