4252 6112
946 468 1202 534 ‚66-

203 669 372 730 tuendum
412 668 620 750 magnisque
659 669 859 749 sumptibus
900 669 1032 750 publici
1071 668 1074 725 l
1112 667 1254 729 vissime
1271 668 1482 749 introducta,
1508 688 1614 748 quarn
1638 668 1714 749 pari
1739 669 1886 731 consilio
1908 681 1944 732 et

202 792 286 853 iuris
313 791 513 853 faciendum
542 791 783 870 demandavit,
816 792 911 871 quod
939 810 1032 852 anno
1071 792 1074 885 ἶ
1111 789 1232 850 labore
1248 788 1405 850 iuvabat.
1434 789 1553 850 Variis
1575 790 1610 850 in
1636 790 1821 853 itineribus
1842 792 1944 854 annis

207 918 287 975 18116
305 914 462 995 contigit.
489 913 621 974 Eodem
644 933 745 993 ann0,
764 913 857 974 bello
879 912 914 973 in
931 911 1032 974 Italia
1071 940 1074 995 ξ
1116 915 1282 973 1855-(10
1308 913 1472 993 peractis,
1496 912 1618 973 Dudik
1642 910 1856 975 omniafere
1882 915 1944 976 im·

203 1047 390 1116 commoto,
411 1036 472 1097 Dr.
490 1036 610 1097 Dudik
633 1055 677 1096 ex
699 1035 844 1116 speciali
865 1037 1031 1096 mandato
1071 1000 1074 1125 i
1112 1033 1203 1114 perii
1224 1032 1616 1115 Austriaco-hungarici
1639 1035 1783 1096 archiva
1804 1055 1866 1097 seu
1891 1050 1944 1098 ta-

202 1158 424 1239 imperatoris
448 1158 616 1219 Austriae
640 1158 674 1218 in
699 1157 874 1238 principia
900 1167 1031 1219 castro·
1110 1155 1257 1235 bularia,
1289 1174 1396 1216 unum
1424 1155 1619 1217 alterumve
1648 1157 1728 1238 plus
1757 1177 1826 1219 una
1853 1159 1943 1239 viee,

201 1300 277 1342 rum
299 1283 344 1343 ad
367 1295 488 1362 partes
508 1281 589 1342 belli
612 1281 711 1342 ducis
732 1281 913 1342 celsissimi
937 1280 1031 1361 prin·
1110 1276 1350 1357 perlustravit,
1368 1286 1441 1338 tum
1455 1298 1547 1340 anno
1566 1283 1644 1340 1863
1662 1279 1807 1361 longum
1824 1280 1891 1341 iter
1907 1281 1943 1342 in

202 1403 290 1484 cipis
314 1403 497 1465 Albrechti
525 1413 683 1465 vocatur.
719 1403 774 1464 Ex
802 1404 1031 1465 relationibus
1110 1407 1231 1480 partes
1248 1398 1440 1477 orientales
1465 1400 1632 1480 suscepit,
1660 1420 1730 1480 qua
1756 1403 1943 1464 occasione

201 1528 246 1586 ab
268 1545 309 1586 eo
334 1535 417 1587 tunc
439 1526 589 1606 emissiS,
615 1536 653 1586 ut
677 1544 723 1586 ex
743 1525 841 1587 fonte
864 1525 1029 1606 genuino,
1110 1520 1456 1601 Constantinopolin,
1489 1522 1652 1584 Athenas
1686 1535 1722 1586 et
1754 1523 1944 1606 Smyrnam

201 1666 322 1709 omnes
349 1647 423 1709 fere
448 1648 693 1728 ephemerides
721 1648 897 1709 scribendi
921 1657 1030 1709 mate·
1070 1582 1073 1705 1
1111 1642 1279 1723 visitavit,
1305 1654 1413 1724 atque
1438 1643 1551 1704 tribus
1575 1644 1677 1705 annis
1701 1657 1783 1726 post
1800 1647 1944 1727 exposi-

199 1769 286 1830 riam
302 1770 523 1832 hauriebant.
552 1770 641 1831 Belli
662 1770 765 1831 huius
784 1768 898 1831 Italici
921 1768 1030 1830 histo·
1069 1752 1072 1823 l
1110 1762 1197 1825 tioni
1232 1764 1422 1826 universali
1457 1766 1608 1827 Lutetiis
1643 1767 1860 1829 Parisiorum
1896 1771 1944 1830 ad

199 1891 286 1952 riam
314 1892 507 1953 celsissimo
535 1892 685 1972 principi
713 1890 926 1952 hereditario
953 1891 1030 1952 Ru·
1110 1886 1235 1946 artium
1269 1887 1582 1968 inventionumque
1614 1889 1796 1951 historiam
1825 1893 1944 1970 perlu-

200 2014 295 2075 dolio
328 2014 528 2075 dedicatam
559 2015 625 2075 sub
656 2013 776 2075 titulo:
818 2012 1029 2095 „Memoriae
1069 1980 1072 2111 ξ
1109 2008 1291 2069 strandam
1315 2008 1483 2070 interfuit.
1517 2010 1604 2072 Inde
1629 2030 1694 2092 per
1717 2011 1943 2094 Lugdunum,

199 2136 282 2197 belli
298 2135 412 2197 Italici
433 2136 477 2196 de
493 2155 586 2197 anno
608 2137 707 2196 18oo“
731 2134 862 2216 publici
880 2134 963 2195 iuris
979 2132 1030 2194 fe·
1068 2140 1072 2164 ‘
1109 2129 1303 2192 Massiliam
1317 2142 1354 2192 et
1367 2129 1627 2193 Centumcellas
1639 2133 1794 2196 Romam
1807 2155 1846 2197 se
1859 2155 1943 2197 eon·

200 2257 256 2319 cit.
285 2258 415 2319 Paucis
437 2259 562 2319 diebus
582 2267 666 2319 ante
687 2276 845 2339 pugnam
866 2258 1029 2318 navalem
1067 2202 1071 2387 ἓ
1109 2252 1188 2314 tulit
1200 2254 1246 2313 ad
1258 2252 1351 2314 festa
1364 2253 1864 2336 sollemniamillenarii.Quae
1878 2259 1943 2318 du-

199 2379 401 2441 Lissensem
426 2380 487 2442 Dr.
516 2380 637 2441 Dudik
665 2399 711 2441 ex
744 2381 910 2441 mandato
943 2398 1028 2440 suae
1067 2404 1070 2537 y
1108 2385 1209 2436 rante
1229 2377 1340 2437 hocce
1361 2376 1485 2437 itinere
1502 2377 1592 2440 vidit
1609 2378 1807 2457 etaudivit,
1832 2398 1943 2459 quae-

199 2521 388 2564 caesareae
412 2502 606 2564 maiestatis
634 2513 673 2564 ut
699 2502 906 2582 archivalia,
937 2521 1027 2584 quae
1108 2517 1177 2578 que
1205 2507 1376 2578 expertus
1400 2509 1463 2578 est,
1491 2500 1677 2579 permultis
1705 2501 1875 2582 epistolis,
1904 2502 1941 2564 in

199 2624 245 2685 ad
266 2624 486 2686 conditiones
511 2624 595 2685 iuris
611 2625 790 2686 Austriaci
813 2634 1026 2705 spectarent,
1066 2560 1069 2711 1
1107 2621 1355 2701 ephemerides
1372 2620 1595 2684 Viennenses
1613 2624 1779 2704 receptis
1805 2625 1941 2704 publici

199 2747 243 2808 de
269 2746 413 2808 archivo
437 2745 585 2807 centrali
605 2745 767 2807 Venetiis
793 2746 970 2827 seligeret,
996 2746 1027 2807 ei
1066 2714 1069 2853 l
1108 2742 1191 2803 iuris
1211 2740 1307 2803 fecit.
1332 2742 1448 2822 Quum
1465 2754 1654 2804 auctumno
1673 2745 1754 2805 anni
1776 2751 1857 2824 1809
1874 2766 1941 2808 sua

198 2866 315 2929 officio
338 2868 442 2929 valde
466 2867 643 2928 laborioso
668 2867 759 2928 intra
781 2877 932 2947 quatuor
955 2867 1027 2928 die·
1067 2858 1069 2917 l
1108 2863 1303 2943 apostolica
1316 2863 1484 2927 maiestas
1497 2864 1526 2926 F
1528 2866 1710 2929 ranciscus
1724 2869 1898 2947 losephus
1912 2868 1939 2930 Ι.

198 3009 274 3051 rum
286 2989 440 3069 spatium
454 2989 651 3070 sagacitate
664 3008 729 3049 sua
741 2987 914 3050 satisfecit
927 2990 1026 3068 adeo,
1067 2960 1069 3033 l
1108 2987 1154 3046 ad
1170 2986 1237 3048 iter
1253 2987 1423 3048 orientale
1448 3007 1485 3048 se
1503 2987 1718 3071 accingeret,
1743 2991 1875 3071 Dudik,
1900 3002 1942 3053 ut

198 3120 237 3172 ut
265 3132 301 3189 19
326 3110 433 3171 cistas
458 3107 646 3171 Graecium
670 3112 905 3190 reportandas
929 3129 1028 3171 cura·
1067 3142 1069 3199 7
1108 3105 1224 3169 officio
1241 3108 1418 3187 capellani
1430 3120 1467 3170 et
1478 3109 1756 3193 historiographi
1772 3112 1942 3193 fungere-

199 3244 260 3315 ret,
286 3252 377 3314 quae
399 3233 548 3311 demum,
572 3250 662 3311 pace
685 3249 730 3292 ex
754 3241 904 3310 utraque
923 3241 1027 3311 parte
1067 3210 1069 3281 1
1107 3240 1173 3311 tur,
1205 3230 1393 3293 comitibus
1422 3231 1555 3294 itineris
1587 3235 1839 3298 adnumeratus
1872 3245 1938 3297 est.

197 3355 293 3435 inita,
317 3355 363 3416 ad
385 3364 534 3434 penates
559 3362 768 3414 remearunt.
801 3352 906 3414 Hunc
930 3353 1027 3415 labo·
1066 3312 1069 3443 i
1107 3351 1412 3415 Sollemnitatibus
1433 3350 1692 3437 Hierosolymis
1717 3377 1782 3419 nec
1808 3360 1939 3421 nonin

196 3497 270 3551 rem
286 3475 437 3538 feliciter
452 3485 636 3555 peractum
658 3475 747 3536 alius
764 3474 887 3536 similis
904 3478 1026 3537 subse·
1066 3448 1069 3507 3
1106 3474 1325 3554 auspicando
1350 3476 1463 3537 canali
1481 3474 1649 3539 Suezensi
1672 3479 1861 3542 celebratis
1887 3483 1939 3544 in·

1066 3534 1069 3609 l

198 3600 324 3680 quitur.
350 3597 583 3659 Ministerium
601 3597 766 3658 Belcredi
791 3597 883 3658 enim
905 3617 1026 3659 neces·
1065 3614 1069 3719 7
1106 3595 1236 3677 terfuit,
1250 3607 1286 3659 et
1299 3616 1418 3658 earum
1430 3598 1705 3679 descriptionem
1719 3601 1816 3682 typis
1829 3605 1940 3665 eden-

196 3721 325 3783 sarium
350 3719 567 3800 existimans
597 3730 635 3781 ut
660 3720 703 3781 de
728 3719 924 3780 rationibus
952 3720 1026 3800 epi·
1065 3724 1068 3753 ²
1106 3721 1186 3780 dam
1219 3719 1366 3800 curavit,
1398 3740 1490 3800 quae
1518 3720 1552 3782 in
1582 3741 1644 3783 200
1671 3725 1938 3804 exemplaribus

196 3853 364 3924 scopatus
397 3841 662 3923 CracoviensiS,
698 3843 875 3904 seminarii
909 3851 944 3904 et
975 3843 1025 3904 in·
1065 3792 1067 3873 i
1106 3841 1306 3921 sumptibus
1334 3842 1556 3921 imperatoris
1582 3863 1675 3905 anno
1702 3857 1876 3925 sequente
1901 3847 1937 3908 in

195 3965 397 4027 stitutorum
423 3964 753 4049 ecclesiasticorum,
786 3985 849 4026 nec
882 3984 951 4027 non
980 3966 1024 4027 de
1104 3964 1217 4024 lucem
1230 3964 1370 4043 prodiit.
1396 3966 1547 4026 Aestate
1565 3970 1647 4044 1870
1658 3967 1780 4028 Dudik
1793 3971 1839 4030 ad
1854 3989 1937 4031 con-

195 4107 358 4149 connexu
374 4107 494 4148 eorum
511 4106 588 4148 cum
605 4087 740 4149 Russia
765 4097 952 4166 computus
972 4087 1023 4148 in·
1063 4104 1065 4143 l
1104 4087 1275 4147 tinuanda
1287 4086 1404 4147 studia
1418 4088 1462 4148 de
1475 4087 1519 4148 A.
1532 4086 1710 4169 Comeni0,
1725 4090 1853 4170 quibus
1866 4092 1936 4153 iam

194 4210 408 4290 stitueretur,
434 4209 495 4269 Dr.
517 4208 638 4268 Bedae
663 4209 729 4268 hoc
755 4205 909 4268 officium
933 4228 1024 4269 com·
1105 4208 1139 4268 in
1161 4206 1289 4270 Suecia
1310 4227 1349 4269 se
1373 4208 1589 4290 accinxerat,
1616 4210 1764 4292 Belgiae
1790 4221 1825 4273 et
1849 4212 1934 4274 Hol-

194 4331 296 4413 misit,
322 4331 380 4412 qui
402 4331 557 4412 quinque
578 4331 861 4392 hebdomadibus
886 4330 1023 4392 deside·
1102 4330 1242 4390 landiae
1270 4340 1390 4410 partes
1421 4332 1642 4414 peragravit,
1674 4333 1819 4415 insuper
1849 4355 1935 4398 vero

192 4464 308 4516 ratum
336 4454 537 4535 complevit,
565 4453 669 4514 basin
698 4452 832 4513 scilieet
860 4472 1023 4514 necessa·
1061 4430 1064 4585 l
1102 4453 1147 4512 ad
1165 4453 1480 4535 determinandum,
1498 4464 1675 4534 quatenus
1691 4457 1933 4538 „respublicae

192 4576 278 4638 riam
295 4578 341 4637 ad
366 4584 551 4656 compacta
575 4594 668 4636 anno
698 4579 776 4653 1875
800 4575 939 4636 demum
961 4576 1022 4636 ab·
1102 4575 1307 4655 generales“
1334 4583 1418 4635 tunc
1439 4576 1608 4655 temporis
1629 4576 1840 4638 seditionem
1864 4577 1933 4638 Bo-

192 4699 317 4760 soluta.
350 4697 391 4759 In
415 4698 598 4778 praeclaro
623 4697 680 4758 illo
709 4716 815 4776 opere
840 4696 1021 4777 litterario
1101 4696 1273 4757 hemicam
1290 4716 1382 4758 anno
1404 4702 1484 4758 1018
1509 4709 1545 4761 et
1561 4699 1724 4779 sequenti
1748 4699 1932 4781 iuvissent,

192 4820 287 4903 quod
314 4821 359 4882 ab
391 4839 484 4881 anno
517 4823 595 4880 1803
624 4820 669 4879 ad
701 4823 779 4896 18117
808 4821 874 4880 sub
904 4820 1021 4882 titulo:
1102 4817 1159 4878 vel
1176 4827 1351 4898 quatenus
1364 4819 1430 4880 hac
1448 4819 1482 4879 in
1499 4838 1536 4880 re
1550 4819 1763 4882 nocuissent.
1784 4821 1873 4882 Inde
1886 4823 1933 4882 ab

193 4941 537 5024 „Oesterreichische
552 4941 702 5002 Revue‘
730 4940 890 5003 Viennae
907 4941 942 5002 in
958 4960 1021 5023 pu·
1101 4949 1240 5001 aestate
1262 4944 1339 5018 1872
1367 4949 1402 5001 et
1423 4960 1488 5020 per
1506 4942 1694 5003 decursum
1715 4947 1793 5021 1873
1812 4943 1933 5004 Dudik

190 5064 319 5125 blicum
347 5064 487 5144 prodiit,
519 5063 640 5124 Dudik
668 5062 839 5145 singulari
866 5071 1020 5125 tractatu
1101 5081 1240 5123 omnem
1262 5081 1406 5143 operam
1428 5064 1637 5142 praestabat
1661 5064 1695 5125 in
1717 5065 1933 5127 constituen-

191 5187 235 5247 de
266 5186 301 5247 vi
332 5206 374 5247 ac
403 5186 580 5268 gravitate
613 5186 780 5266 completi
811 5204 875 5247 suo
902 5185 1020 5247 studio
1101 5184 1154 5245 dis
1172 5183 1324 5265 circuliS,
1349 5185 1557 5247 industriam
1574 5186 1790 5248 nationalem
1813 5188 1932 5247 dome-

190 5306 307 5386 operis
338 5326 451 5387 aeque
484 5308 723 5370 testimonium
755 5307 870 5389 dedit,
902 5328 943 5369 ac
975 5307 1020 5368 de
1101 5307 1227 5368 sticam
1243 5326 1308 5368 nec
1326 5273 1527 5369 nonrerum
1543 5307 1727 5369 Moraviae
1743 5308 1930 5389 pretiosio-

189 5428 297 5508 plena
321 5427 569 5491 reformatione
595 5430 728 5491 ordinis
750 5428 935 5490 Teutonici
960 5448 1020 5491 no·
1100 5448 1176 5490 rum
1208 5428 1449 5491 collectionem
1483 5450 1547 5510 pro
1577 5431 1801 5511 expositione
1823 5431 1930 5492 Vien-
