4222 6106
903 532 945 540 -
989 495 1110 559 XCIV
1153 531 1196 541 —

187 725 313 808 (Kyrie
339 723 483 803 eleison)
509 722 731 804 conscripsit,
761 722 975 804 „gleichsam
999 722 1051 784 als
1071 721 1335 804 Vorbereitung
1357 720 1413 783 fiir
1435 723 1503 784 den
1527 678 1748 804 Kampe-zu
1772 726 1854 787 dem
1879 746 1916 788 er

187 865 261 928 sich
283 863 484 947 gegiirtet“,
507 873 546 925 ut
569 862 618 925 ait
637 862 698 925 Dr.
715 861 817 924 Beda
832 862 963 942 Dudik,
988 860 1121 923 ordinis
1144 860 1276 922 sodalis
1300 872 1336 924 et
1351 880 1474 923 rerum
1498 872 1680 944 gestarum
1705 863 1914 945 explicator.

186 1005 338 1066 Ioannes
362 1002 454 1064 enim
477 1002 522 1063 ad
545 1001 591 1081 id,
616 1001 710 1081 quod
732 1001 856 1063 Hussii
879 1001 1061 1063 asseculae
1082 999 1406 1082 interrogaverant:
1437 1001 1585 1082 „Utrum
1616 996 1714 1065 cr‘edi
1737 1003 1853 1084 possit
1881 1004 1917 1066 in

187 1140 367 1223 Papam?“
392 1140 464 1203 acri
488 1159 565 1201 cum
589 1139 732 1222 ingenio
756 1148 791 1202 et
815 1159 946 1222 magna
969 1138 1167 1201 eruditione
1191 1139 1385 1220 respondit.

315 1285 512 1365 Propterea
541 1281 586 1341 ad
619 1278 802 1342 concilium
827 1277 1099 1342 Constantiense
1128 1278 1256 1341 missus
1286 1278 1462 1359 intrepide
1492 1279 1701 1362 fortiterque
1734 1301 1805 1343 una
1837 1301 1915 1344 cum

96 1465 98 1471 ·
187 1424 265 1487 aliis
289 1419 471 1485 catholicis
494 1418 670 1501 theologis
701 1436 746 1479 ex
774 1417 945 1479 Bohemia
975 1416 1155 1479 arcessitis
1181 1416 1303 1480 Hussii
1334 1417 1558 1498 opinionibus
1588 1419 1728 1482 restitit.
1775 1419 1914 1502 Quare

186 1563 356 1627 Hussitae
380 1558 574 1624 ulciscendi
604 1557 800 1638 cupiditate
830 1555 966 1618 incensi
996 1555 1247 1618 monasterium
1280 1556 1355 1619 eius
1386 1555 1658 1639 conflagrarunt.
1704 1560 1859 1622 Ioannes
1881 1561 1915 1622 in

186 1699 437 1764 monasterium
458 1696 722 1779 Raigradiense
746 1694 871 1778 effugit
893 1696 1013 1778 ibique
1034 1701 1114 1775 1436
1130 1707 1288 1758 mortuus
1310 1704 1374 1760 est.
1405 1696 1461 1758 Ex
1484 1697 1627 1779 scriptis
1650 1698 1727 1761 eius
1752 1707 1913 1761 exstant:

190 1839 398 1924 „Sermones
423 1840 468 1899 de
491 1836 656 1899 laudibus
672 1836 713 1898 B.
730 1834 779 1898 M.
796 1834 860 1897 V.“
885 1844 921 1898 et
946 1844 1139 1920 „tractatus
1162 1837 1207 1898 de
1230 1835 1807 1928 popularibusconsuetudinibus,
1825 1857 1914 1919 quae

189 1977 419 2042 communiter
441 1978 675 2038 observantur
704 1974 739 2037 in
771 1974 864 2037 festo
894 1974 1063 2037 navitatis
1090 1974 1232 2037 Domini
1260 1974 1380 2036 Nostri
1410 1976 1491 2038 Iesu
1522 1974 1671 2039 Christi“
1689 1976 1722 2058 ¹).
1768 1976 1916 2039 Praeter

187 2121 355 2183 Ioannem
378 2117 576 2200 praestanti
599 2116 760 2179 doctrina
783 2116 818 2178 in
841 2125 985 2179 vetusto
1013 2116 1227 2179 monasterio
1251 2113 1517 2194 Brevnoviensi,
1543 2125 1733 2196 antequam
1757 2117 1915 2177 destrue·

188 2269 293 2338 retur,
322 2257 523 2320 enituerunt
546 2255 710 2316 Andreas
733 2255 963 2317 Trebonaeus
995 2266 1031 2318 et
1060 2255 1149 2317 Ales
1173 2255 1368 2336 (Albertus)
1397 2253 1559 2317 monachi
1573 2253 1607 2335 ²).
1647 2253 1776 2316 Diruta
1807 2255 1915 2317 archi·

188 2396 334 2459 abbatia
350 2396 458 2476 (1420)
473 2396 496 2475 ³)
521 2393 760 2472 MarcuS1433
788 2403 997 2476 „tractatum
1017 2395 1062 2456 de
1078 2393 1308 2456 sacramentis
1332 2413 1411 2456 cum
1434 2392 1608 2474 exemplis
1631 2402 1667 2455 et
1690 2392 1910 2455 naturalibus

188 2535 310 2618 figuris
334 2542 441 2615 atque
465 2532 691 2616 dogmatibus
714 2531 1023 2614 philosophorum“
1048 2541 1084 2594 et
1100 2531 1331 2594 Wenzeslaus
1356 2533 1399 2593 de
1424 2529 1617 2594 Chwaletic
1640 2531 1675 2592 in
1698 2531 1913 2594 monasterio

189 2673 459 2756 Raigradiensi‚
494 2691 564 2753 quo
599 2670 788 2753 effugerat,
826 2680 1036 2754 „tractatum
1070 2672 1114 2733 de
1146 2670 1312 2752 passione
1344 2680 1379 2733 et
1410 2669 1668 2732 resurrectione
1698 2670 1742 2733 D.
1767 2672 1810 2734 N.
1834 2672 1913 2734 Iesu

189 2810 339 2875 Christi“
365 2810 475 2874 edidit
489 2812 523 2892 ⁴).

317 2949 534 3031 Diligentem
558 2969 676 3011 curam
700 2949 735 3010 in
759 2947 1023 3029 disciplinarum
1050 2947 1328 3031 theologicarum
1359 2949 1561 3030 cognitione
1593 2948 1699 3010 etiam
1730 2949 1766 3011 in
1798 2949 1914 3012 multis

189 3088 395 3170 Hungariae
418 3087 640 3150 monasteriis
663 3087 854 3170 praecipue
877 3088 913 3149 in
936 3087 1180 3150 archiabbatia
1195 3088 1329 3150 Montis
1344 3088 1549 3151 Pannoniae
1572 3089 1726 3171 positam
1749 3108 1831 3151 esse
1847 3108 1913 3152 non

189 3238 243 3289 est
267 3228 361 3308 quod
385 3245 603 3307 moneamus,
634 3225 772 3288 etiamsi
799 3236 946 3308 propter
966 3227 1096 3288 multas
1120 3215 1432 3307 depopulationes,
1465 3227 1594 3307 quibus
1625 3235 1678 3290 tot
1707 3227 1913 3311 Hungariae

189 3365 401 3428 monasteria
426 3384 616 3445 eorumque
639 3364 876 3427 bibliothecae
900 3363 1120 3446 conflagrata
1142 3375 1237 3447 sunt,
1262 3364 1473 3446 scriptorum
1496 3365 1638 3428 nomina
1661 3366 1821 3446 proferre
1845 3387 1912 3429 non

188 3523 385 3586 possumus.
428 3504 549 3585 Atque
572 3504 607 3566 in
631 3503 800 3566 Poloniae
824 3503 1047 3566 monasteriis
1071 3513 1106 3566 et
1129 3504 1321 3585 praecipue
1344 3504 1532 3585 Tinieensi,
1557 3525 1635 3567 cum
1658 3506 1790 3568 multos
1813 3506 1850 3568 in
1874 3525 1913 3568 ea

188 3642 328 3704 venisse
356 3641 643 3725 Francogallicos
674 3644 864 3705 monachos
896 3644 1041 3705 annales
1071 3643 1242 3724 referant,
1279 3645 1407 3724 quibus
1440 3644 1545 3706 etiem
1580 3653 1653 3707 turn
1687 3664 1766 3706 cum
1798 3664 1914 3708 mona·

188 3781 304 3843 steriis
320 3780 445 3862 patriis
461 3782 686 3845 necessitudo
703 3791 739 3845 et
755 3782 1001 3845 commercium
1018 3781 1272 3864 intercedebat,
1296 3782 1501 3863 disciplinas
1517 3783 1738 3865 theologicas
1753 3782 1914 3853 ‚floruisse

190 3919 390 3982 conicimus.

316 4058 464 4120 Praeter
486 4058 640 4119 studium
664 4059 928 4140 disciplinarum
951 4061 1232 4142 theologicarum
1255 4060 1316 4123 filii
1340 4080 1366 4124 s
1384 4063 1570 4126 Benedicti
1593 4064 1662 4126 iam
1680 4065 1739 4126 diu
1756 4065 1792 4127 in
1808 4067 1914 4128 rebus

187 4195 299 4275 gestis
316 4195 537 4276 explicandis
554 4217 673 4259 curam
690 4208 726 4260 et
742 4197 961 4281 diligentiam
979 4200 1196 4263 adhibebant
1205 4202 1239 4280 ⁵),
1257 4210 1292 4263 et
1305 4201 1365 4283 qui
1382 4212 1482 4264 erant
1498 4202 1533 4264 in
1550 4203 1697 4284 imperio
1711 4205 1913 4286 Austriaco‚

188 4351 256 4393 non
281 4337 540 4414 superabantur
563 4355 584 4396 a
607 4335 775 4398 fratribus
798 4336 833 4398 in
857 4337 984 4400 ceteris
1008 4337 1172 4419 Europae
1204 4340 1340 4421 regnis,
1372 4341 1435 4402 sed
1465 4342 1678 4425 „magistrae
1702 4342 1819 4405 vitae“
1849 4363 1913 4425 pro

186 4470 320 4532 viribus
345 4492 383 4534 se
407 4475 605 4537 tradebant.
637 4475 833 4556 Praecipue
857 4477 937 4539 huic
961 4477 1077 4540 studio
1101 4480 1293 4542 certamina
1309 4481 1450 4543 saeculo
1467 4481 1533 4543 XI.
1558 4481 1648 4544 inter
1665 4482 1914 4563 imperatorem

316 4750 336 4831 ¹)
360 4754 471 4820 Dudik,
496 4754 629 4829 Raigern
652 4754 670 4810 l.
696 4774 721 4811 c.
746 4757 767 4812 Ι.

316 4864 337 4944 ²)
362 4866 463 4922 Dudik
487 4867 505 4922 l.
530 4886 555 4924 c.
581 4869 603 4923 Ι.

311 4977 334 5057 3)
358 4980 432 5036 Cum
457 4981 649 5047 monasteri0,
674 4981 755 5055 quod
778 5000 833 5056 per
850 4996 909 5054 295
935 5001 1030 5039 annos
1054 4983 1203 5041 desertum
1227 4999 1299 5051 erat,
1325 4988 1413 5042 etiam
1430 4985 1613 5044 bibliotheca
1630 4989 1728 5045 deleta
1744 5004 1799 5047 est.
1832 4992 1910 5049 Hinc

184 5107 243 5145 non
267 5092 381 5158 mirum,
404 5095 428 5148 si
454 5105 513 5148 tam
536 5112 633 5169 pauca
656 5093 760 5149 horum
784 5095 996 5151 monachorum
1021 5111 1209 5154 monumenta
1233 5098 1270 5154 ad
1293 5112 1425 5155 nostram
1448 5113 1649 5175 pervenerunt
1673 5105 1856 5161 memoriam.

313 5200 334 5280 4)
359 5205 459 5261 Dudik
484 5206 501 5261 l.
528 5225 553 5261 c.
579 5207 600 5262 1.

311 5312 333 5392 ⁵)
358 5316 390 5370 In
414 5332 498 5392 parte
521 5318 665 5376 historica
693 5321 847 5395 posuimus
876 5339 935 5377 non
965 5320 1061 5378 solum
1090 5323 1244 5379 historiam
1273 5343 1370 5380 rerum
1386 5344 1413 5381 -a
1436 5326 1555 5401 populis
1578 5341 1731 5400 gestarum
1756 5341 1787 5385 et
1810 5347 1913 5386 mona·

184 5428 353 5496 steriorum,
378 5428 430 5484 sed
454 5432 541 5486 etiam
565 5432 649 5488 Vitas
672 5445 702 5487 et
725 5431 885 5507 Legendas
910 5447 940 5489 et
963 5433 1191 5492 dissertationes
1215 5437 1252 5491 ad
1276 5437 1430 5494 historiam
1454 5457 1570 5495 sacram
1594 5453 1776 5515 spectantes.
