4222 6106
869 503 1149 564 —LXV—

134 731 206 791 duo
230 727 488 790 Benedictinea
516 726 709 791 constituta
732 737 827 808 sunt,
861 748 966 791 unum
996 727 1154 793 Gottvici
1178 729 1394 811 Austriacis,
1424 730 1573 792 alterum
1597 729 1782 792 Admontii
1805 727 1877 792 Sti-

132 867 313 930 riensibus
336 865 559 928 monasteriis
582 865 806 930 destinatum.
839 865 911 930 Sed
928 887 972 929 ne
988 870 1076 931 haec
1095 869 1236 950 quidem
1255 868 1313 931 diu
1331 880 1545 933 manserunt.
1579 866 1873 931 Benedictineum

136 1005 371 1070 Gottvicense
395 1016 520 1086 quarto
544 1025 637 1067 anno
660 1016 743 1087 post
767 1005 976 1070 dissolutum
1008 1022 1063 1069 est
1091 1009 1199 1088 atqbe
1231 1010 1276 1070 ab
1309 1028 1351 1070 eo
1381 1018 1540 1089 tempore
1572 1007 1692 1070 clerici
1724 1027 1754 1069 o.
1780 1027 1806 1068 s.
1832 1007 1872 1068 B.

132 1157 197 1207 aut
219 1145 255 1207 in
279 1144 428 1227 singulis
451 1131 683 1224 monasteriis,
708 1154 747 1205 ut
769 1144 924 1227 Mellicii,
950 1143 1136 1229 Gottvigii,
1161 1146 1355 1228 Admontii,
1381 1146 1582 1228 theologiae
1606 1145 1801 1227 disciplinis
1828 1147 1873 1208 ab

133 1284 268 1348 ordinis
291 1284 537 1346 sacerdotibus
561 1283 700 1347 traditis
724 1285 945 1364 erudiuntur,
970 1286 1091 1347 autin
1116 1286 1347 1349 universitate
1371 1285 1660 1364 Vindobonensi,
1686 1284 1872 1366 Pragensi,

133 1424 413 1506 Salisburgensi,
438 1421 698 1504 Oenipontana,
723 1423 933 1504 Pestinensi,
957 1424 1256 1506 praelectionibus
1284 1425 1496 1508 theologicis
1525 1425 1718 1505 intersunt,
1750 1434 1811 1485 aut
1840 1423 1874 1484 in

135 1564 335 1628 seminariis
359 1562 633 1644 episcopalibus,
658 1571 696 1625 ut
719 1583 746 1626 s.
770 1563 960 1645 Hippolyti
993 1573 1029 1626 et
1053 1563 1286 1646 Clagensurti,
1317 1565 1363 1626 ad
1391 1583 1535 1626 munera
1564 1564 1801 1626 sacerdotalia
1825 1563 1877 1624 in-

133 1705 339 1767 stituuntur.
386 1700 473 1764 Cum
503 1702 590 1763 haec
621 1701 667 1763 sit
697 1702 989 1766 monasteriorum
1020 1703 1158 1784 imperii
1184 1702 1606 1786 Austriaco·Hungarici
1639 1702 1794 1765 conditio
1828 1722 1874 1764 ex

133 1843 356 1926 temporibus
380 1853 467 1922 orta,
491 1841 714 1923 theologicae
738 1842 945 1924 disciplinae
970 1862 1039 1905 non
1064 1862 1106 1905 eo
1123 1843 1277 1924 quidem,
1305 1862 1375 1923 quo
1392 1863 1457 1923 par
1474 1853 1538 1922 est,
1564 1840 1681 1905 studio
1699 1843 1873 1919 coluntur,

135 2001 254 2063 neque
278 1993 398 2044 tamen
421 1980 668 2062 negleguntur.
711 1979 840 2043 Adhuc
868 1981 1019 2043 enimin
1043 1982 1201 2063 plurimis
1226 1983 1451 2044 monasteriis
1475 1982 1712 2060 inveniuntur,
1746 1979 1805 2061 qui
1840 1979 1874 2040 in

133 2121 353 2202 theologiam
375 2139 506 2201 magna
529 2140 608 2182 cum
631 2098 803 2182 industria
827 2120 1032 2184 incumbant
1056 2131 1164 2202 atque
1189 2122 1340 2184 docendi
1364 2142 1509 2183 munere
1534 2121 1729 2203 fungantur
1752 2129 1814 2181 aut
1840 2119 1874 2180 in

133 2259 368 2322 universitate
392 2258 662 2321 Vindobonensi
683 2268 718 2321 et
741 2258 958 2339 Pestinensi,
983 2272 1045 2323 aut
1067 2260 1103 2321 in
1127 2260 1323 2322 seminariis
1347 2259 1626 2341 episcopalibus
1650 2269 1688 2322 ut
1712 2257 1874 2323 monachi

136 2419 164 2461 s.
189 2398 293 2460 Pauli
319 2397 356 2460 in
387 2397 575 2460 seminario
599 2396 900 2481 Clagenfurtensi,
927 2412 988 2462 aut
1017 2401 1051 2461 in
1080 2400 1167 2481 ipsis
1190 2400 1422 2462 monasteriis.
1469 2400 1543 2462 Nec
1576 2400 1714 2478 desunt,
1749 2399 1809 2479 qui
1837 2398 1873 2459 in

135 2537 265 2600 litteris
293 2537 505 2618 theologicis
535 2557 664 2619 magna
695 2539 800 2600 laude
830 2537 979 2601 floreant
1007 2548 1068 2602 aut
1091 2538 1290 2619 floruerint,
1321 2541 1421 2602 velut
1453 2540 1514 2600 Dr.
1546 2540 1697 2601 Ioannes
1730 2538 1872 2615 Rotter,

136 2678 252 2739 abbas
277 2676 564 2755 Braunaviensis,
587 2676 649 2739 Dr.
675 2676 760 2741 Otto
783 2677 1013 2741 Habermann
1036 2698 1062 2739 s.
1087 2679 1191 2740 Pauli
1214 2679 1249 2741 in
1274 2677 1464 2758 Carinthia,
1490 2677 1668 2740 Antonius
1683 2675 1871 2738 Viehbiick

134 2827 175 2877 et
196 2814 360 2896 Ignatius
384 2813 526 2878 Schiich
547 2814 840 2895 CremifanenseS,
865 2816 1030 2879 Andreas
1054 2816 1281 2880 Oberleitner
1305 2828 1340 2879 et
1362 2817 1424 2897 Dr.
1450 2816 1641 2879 Anselmus
1666 2815 1804 2877 Ricker
1827 2816 1872 2877 ad

135 2952 267 3017 Scotos
287 2953 604 3033 VindobonenseS,
628 2954 667 3016 P.
691 2954 777 3017 Pius
803 2956 962 3038 Zingerle
988 2957 1218 3035 Meranensis,
1242 2958 1303 3020 Dr.
1335 2957 1549 3018 Altmannus
1579 2955 1739 3037 Arrigler
1771 2953 1874 3016 Gott-

134 3093 302 3174 vicensis,
327 3091 521 3175 Gregorius
544 3093 678 3176 Mayer,
703 3094 928 3175 Mellicensis,
953 3095 1014 3158 Dr.
1038 3097 1190 3158 Ioannes
1214 3095 1391 3157 Ruczisca
1417 3104 1452 3156 et
1477 3094 1537 3156 Dr.
1555 3093 1765 3155 Desiderius
1789 3091 1872 3153 Bita

135 3233 489 3314 Martinsbergenses
513 3231 548 3293 in
572 3231 805 3315 Hungaria1).

271 3370 429 3433 Decreta
445 3371 680 3451 imperatricis
695 3371 831 3433 Mariae
847 3372 1049 3451 Therasiae,
1075 3392 1166 3453 quae
1184 3392 1293 3452 supra
1309 3379 1504 3434 memorata
1522 3378 1614 3450 sunt,
1638 3371 1752 3432 almae
1768 3369 1872 3431 matri

139 3508 398 3572 Benedictinae
430 3507 694 3592 Salisburgensi
729 3501 858 3592 magno
894 3519 994 3572 erant
1030 3511 1168 3572 damno.
1215 3509 1436 3591 Quamquam
1469 3508 1562 3570 enim
1596 3509 1640 3570 de
1671 3507 1871 3570 auditorum

135 3666 285 3710 numero
307 3648 369 3709 vix
393 3647 585 3729 quidquam
614 3649 831 3711 deminutum
860 3659 930 3728 est,
961 3658 1094 3730 tamen,
1128 3670 1206 3712 cum
1236 3649 1387 3728 plurima
1419 3647 1633 3709 monasteria
1664 3646 1871 3708 societatem

136 3787 378 3868 reliquissent,
402 3787 536 3850 reditus
557 3788 661 3850 valde
684 3787 856 3851 imminuti
880 3798 970 3851 sunt.
1010 3788 1119 3850 Aliud
1137 3788 1249 3849 maius
1267 3795 1343 3849 erat
1360 3786 1619 3848 detrimentum.
1654 3784 1873 3847 Monasteria

133 3927 246 4005 enim,
278 3926 408 4007 quibus
439 3925 651 3988 universitas
684 3925 967 4010 Salisburgensis
999 3926 1191 3989 communis
1223 3925 1339 3987 fuerat
1371 3926 1567 3987 litterarum
1600 3926 1724 4003 sedes,
1757 3924 1872 3985 soluto

135 4065 326 4127 societatis
348 4064 491 4127 vinculo
514 4064 609 4127 vires
633 4077 668 4127 et
691 4066 818 4146 studia,
851 4085 942 4146 quae
970 4066 1094 4127 melius
1126 4065 1193 4126 suit
1216 4084 1359 4126 manere
1388 4065 1586 4142 coniuncta,
1620 4064 1873 4127 distraxerunt.

133 4205 334 4267 Praeterea
346 4203 388 4266 lis
406 4213 483 4266 orta
499 4205 590 4267 inter
602 4204 822 4284 professores
840 4206 930 4267 inter
943 4206 1148 4267 vicesimum
1165 4216 1200 4266 et
1213 4205 1429 4267 tricesimum
1443 4224 1572 4265 annum
1588 4202 1721 4264 saeculi
1735 4201 1872 4263 XVIII.

135 4346 183 4406 de
200 4343 389 4406 Muratorii
412 4343 553 4425 scriptis
576 4344 692 4407 famae
708 4344 949 4408 universitatis
965 4347 1112 4407 multum
1129 4344 1248 4407 offecit
1258 4347 1292 4426 ²),
1317 4355 1355 4406 ut
1372 4343 1522 4426 singulis
1539 4343 1640 4404 annis
1657 4343 1875 4404 minueretur

132 4482 345 4546 auditorum
368 4502 543 4546 numerus.

272 4622 410 4703 Quibus
432 4624 538 4685 rebus
561 4634 600 4685 ut
623 4625 823 4686 mederetur
846 4624 1085 4706 Hieronymus
1109 4643 1227 4685 comes
1252 4621 1438 4685 Colloredo
1463 4621 1754 4700 archiepiscopus
1776 4620 1870 4699 (1772

133 4762 441 4842 -1803,†1812),
465 4738 608 4824 ultimus
632 4782 752 4824 eorum
776 4736 1123 4845 archiepiscoporum
1140 4762 1475 4845 Salisburgensium,
1502 4761 1561 4841 qui
1584 4779 1700 4822 rerum
1718 4757 1872 4820 civilium

133 4921 277 4964 summa
299 4909 480 4981 potestate
504 4911 605 4962 erant
621 4901 782 4983 praediti,
807 4922 898 4983 quae
914 4911 1054 4984 tempus
1071 4904 1217 4985 exigere
1233 4903 1431 4981 videbatur,
1450 4899 1690 4963 commutavit.
1724 4896 1872 4959 Aditum

132 5042 185 5103 ad
211 5039 463 5101 bibliothecam
487 5040 824 5122 archiepiscopalem
849 5041 1011 5104 omnibus
1035 5044 1234 5122 promiscue
1260 5042 1456 5123 aperiebat,
1482 5037 1697 5119 disciplinas,
1723 5056 1814 5117 quae
1838 5036 1874 5098 in

276 5346 297 5426 ¹)
322 5349 435 5414 FriesS‚
461 5347 586 5405 Studien
610 5350 627 5405 Ι.
653 5369 678 5405 c.
704 5350 738 5406 V.

273 5459 295 5540 2)
320 5463 445 5530 Zauner,
470 5463 604 5520 Chronik
628 5481 687 5519 von
710 5461 874 5538 Salzburg;
899 5464 985 5536 Mayr
1008 5463 1025 5520 l.
1052 5482 1078 5519 c.
