4222 6106
186 624 268 688 anni
284 621 457 683 millesimi
473 620 643 682 celebrati
659 620 694 681 in
711 618 914 681 memoriam
931 638 1013 680 con-

185 745 359 809 versionis
382 743 564 805 Moraviae
593 743 639 803 ad
661 741 768 803 fidem
792 741 1012 803 catholicam.

185 870 230 930 Et
247 888 352 949 quum
369 864 504 944 Wolny
521 875 604 945 post
619 873 802 944 peractam
823 863 1014 944 professio·

185 1011 264 1053 nem
282 988 472 1050 iubilaeam
493 991 538 1048 18.
553 987 625 1048 lan.
647 990 738 1067 1868,
756 1006 861 1067 quam
877 984 1014 1048 sollem-

185 1114 333 1175 nitatem
356 1111 396 1173 P.
421 1107 621 1171 Sarcander
644 1106 806 1168 Navratil
829 1107 1013 1186 praeclaro

185 1233 345 1297 encomio
361 1230 565 1308 celebravit,
584 1232 612 1290 5.
631 1229 719 1308 Apr.
737 1229 904 1290 sacerdos
923 1227 1014 1289 iubi-

184 1357 284 1417 laeus
301 1353 459 1415 stetisset
482 1353 528 1413 ad
549 1371 656 1432 aram,
679 1349 780 1411 novis
802 1358 928 1411 auctus
951 1350 1012 1410 ho·

185 1477 345 1538 noribus:
370 1473 560 1535 consiliarii
580 1473 716 1535 scilicet
733 1471 882 1534 actualis
899 1470 1012 1533 consi·

184 1596 356 1676 storiique
380 1594 575 1656 Brunensis
600 1592 791 1654 assessoris
820 1595 882 1672 (21.
906 1590 1011 1654 Mart.

190 1717 292 1797 1868),
310 1735 396 1777 suae
410 1734 503 1777 caes.
520 1734 594 1796 reg.
611 1714 808 1776 maiestatis
824 1710 1013 1775 consiliarii

185 1847 221 1900 et
237 1837 334 1900 urbis
351 1836 488 1916 patriae
505 1836 533 1898 F
536 1835 757 1918 reibergenis
773 1835 860 1898 civis
884 1836 930 1896 ad
951 1835 1013 1896 ho-

185 1979 299 2021 nores.
321 1958 376 2019 Illi
389 1977 454 2019 nec
471 1957 641 2038 opinanti,
659 1956 825 2038 discipuli
840 1955 1013 2017 laetitiam

185 2080 444 2161 praegrandem
470 2078 634 2140 obiecere
659 2078 833 2140 tradendo
853 2076 1012 2161 „album“

185 2202 265 2282 plus
291 2220 353 2279 700
376 2200 549 2282 imagines
576 2198 880 2282 photographicas
904 2198 1015 2261 conti·

186 2341 284 2382 nens.
323 2320 465 2382 Abhinc
497 2320 647 2382 dilectus
683 2319 861 2382 confrater
895 2328 1016 2382 noster

186 2441 332 2521 Wolnv,
360 2440 478 2503 studia
502 2440 669 2502 historica
691 2448 732 2503 'ut
754 2441 921 2503 dilectam
941 2440 1016 2502 Ra-

188 2564 323 2624 chelem
340 2580 481 2642 semper
494 2563 752 2642 amplectend0‚
769 2565 880 2625 verbo
897 2580 1016 2624 exem-

186 2684 318 2764 ploque
343 2682 496 2744 iuniores
513 2684 559 2744 ad
575 2683 747 2764 pietatem
769 2683 949 2746 incitando
964 2682 1016 2745 vi-

189 2813 261 2865 tam
276 2803 353 2865 veri
369 2804 526 2886 religiosi
539 2805 715 2885 victitans,
729 2824 919 2885 supernam
931 2823 1016 2866 non-

187 2925 251 2987 nisi
269 2924 460 2987 anhelabat
480 2925 643 3006 patriam,
668 2936 809 2987 struens
833 2926 900 2988 sibi
922 2927 1017 2989 viam

187 3050 233 3109 ad
249 3047 572 3127 transmigrandum
596 3047 772 3109 continuis
792 3046 959 3128 precibus
980 3058 1017 3109 et

188 3168 497 3230 observationibus
506 3168 769 3231 misericordiae
780 3169 931 3233 divinae.
943 3171 1016 3233 Do·

188 3289 316 3350 minica
332 3289 527 3369 palmarum
546 3294 621 3367 1871
643 3289 798 3353 infausto
811 3311 896 3353 casu
908 3290 1017 3372 fregit

128 3380 135 3395 ι
188 3431 268 3471 crus
299 3418 334 3471 et
362 3411 556 3472 accedente
583 3411 680 3472 lento
711 3431 887 3473 marasmo
915 3412 1017 3474 senili

187 3533 327 3611 placide
354 3530 506 3593 animam
530 3533 608 3593 Deo
637 3532 792 3594 reddidit
819 3538 848 3596 3.
872 3532 958 3594 Maii
983 3532 1017 3594 in

188 3655 280 3716 festo
304 3653 518 3716 inventionis
543 3674 569 3716 s.
591 3653 715 3734 crucis,
740 3674 846 3734 quam
870 3653 1018 3734 speciali

188 3778 292 3837 modo
325 3776 465 3837 colebat
498 3783 533 3836 et
565 3776 858 3856 amplectebatur.
897 3775 1018 3838 Vitam

189 3895 354 3977 Gregorii
378 3896 529 3976 Wolny,
558 3917 674 3958 rerum
698 3906 880 3979 gestarum
904 3897 1018 3979 gloria

188 4016 372 4098 insignem,
387 4037 491 4097 quam
505 4036 551 4078 ex
562 4027 665 4096 parte
678 4017 846 4101 ,Slovnlk
855 4018 1016 4098 naudny'ss

188 4138 423 4217 adumbravit,
446 4157 554 4218 opere
572 4137 699 4200 diffuso
716 4148 755 4200 ut
771 4149 934 4220 meretur,
958 4141 1018 4201 de-

189 4257 413 4318 scribendam
429 4257 509 4318 Deo
526 4256 671 4319 favente
692 4259 854 4338 proxime
876 4261 1018 4322 conabi-

189 4398 275 4440 mur.
300 4377 400 4457 Quae
417 4378 448 4438 ei
465 4398 512 4439 ex
528 4378 728 4459 sumptibus
745 4379 898 4459 propriis
914 4400 1019 4462 supe-

188 4509 308 4559 rerant
338 4501 443 4561 modo
470 4499 678 4581 honorificO,
711 4500 769 4581 pie
802 4511 909 4581 atque
940 4522 1020 4584 per-

188 4620 387 4681 humaniter
400 4622 571 4703 elargitus
586 4632 650 4686 est.
665 4623 772 4685 Anno
786 4629 867 4701 1840
880 4644 925 4686 ex
939 4645 1019 4705 pro-

188 4741 275 4821 priis
304 4762 363 4803 100
385 4741 418 4804 fi.
443 4744 489 4805 ad
513 4745 715 4825 augendum
743 4745 889 4808 fundum
918 4767 1020 4829 gym-

189 4863 278 4923 nasii
295 4865 433 4953 patriae
451 4865 668 4947 Freibergae
686 4868 844 4948 contulit,
862 4868 918 4929 cui
940 4871 1019 4945 1844

189 5004 360 5045 summam
384 5005 447 5047 200
462 4985 496 5049 fl.
522 4987 693 5067 adiunxit,
719 4987 865 5068 insuper
887 4989 1020 5069 ubique

189 5105 345 5166 locorum
359 5126 555 5188 pauperum
571 5109 788 5171 studentium
805 5110 1021 5192 indigentias
1058 5083 1062 5218 Ι

1094 619 1128 680 111
1148 618 1243 699 piam
1260 617 1373 699 patris
1390 628 1426 680 et
1439 618 1561 680 matris
1576 617 1785 679 memoriam
1807 615 1932 677 funda-

1093 740 1225 802 tionem
1246 740 1430 802 missarum
1448 740 1584 820 Wolny
1606 759 1719 821 penes
1741 738 1926 801 ecclesiam

1094 863 1390 945 Freibergensem
1406 862 1569 925 instituit.

1181 983 1349 1065 Syllabus
1374 1002 1521 1064 operum
1539 983 1675 1064 Wolny
1690 982 1826 1064 publici
1846 982 1918 1042 iuris

1093 1105 1283 1167 factorum:

1094 1246 1137 1327 A)
1166 1244 1206 1305 In
1235 1245 1345 1326 „actis
1369 1245 1542 1324 publicis“
1573 1254 1608 1307 et
1638 1244 1905 1325 ephemeridibus

1093 1366 1275 1446 publicata
1284 1365 1397 1428 fuere:
1407 1367 1443 1443 a)
1452 1366 1680 1449 in„archivo“
1694 1368 1742 1428 ab
1751 1366 1901 1448 Hormayr

1092 1488 1188 1549 edito
1198 1488 1319 1549 variae
1333 1488 1593 1568 disputationes
1604 1487 1806 1567 historicae,
1818 1487 1860 1549 uti
1868 1490 1897 1549 de

1090 1609 1217 1671 litteris
1227 1608 1446 1671 fundationis
1456 1609 1683 1690 monRaigr.
1693 1619 1776 1682 etc.;
1789 1610 1819 1687 1)
1827 1609 1892 1672 inter

1092 1731 1275 1812 publicata
1285 1751 1349 1812 per
1358 1731 1579 1793 academiam
1589 1730 1892 1793 scientiarumVien·

1093 1872 1239 1914 nensem
1253 1853 1329 1914 eius
1346 1872 1456 1934 opera
1472 1853 1702 1915 inveniuntur
1718 1862 1754 1915 et
1769 1853 1889 1934 quiden:

1181 1979 1203 2033 I.
1225 1978 1258 2032 ln
1278 1976 1595 2052 „Sitzungsberichte“
1620 1975 1793 2056 (relationes
1810 1981 1889 2034 sessio·

1095 2080 1175 2160 num)
1197 2082 1303 2139 classis
1325 2083 1433 2157 philos.
1452 2083 1630 2139 historicae:
1655 2085 1688 2156 a)
1712 2083 1823 2139 Bericht
1840 2081 1889 2137 ther

1095 2185 1165 2242 Chr.
1184 2185 1347 2243 d’Elvert’s
1361 2186 1546 2243 Geschichte
1562 2186 1623 2242 und
1637 2184 1889 2258 Beschreibungder

1096 2291 1202 2344 Kreis-
1220 2290 1278 2346 und
1291 2290 1454 2364 Bergstadt
1467 2290 1551 2364 Iglau
1568 2293 1596 2347 in
1611 2291 1738 2346 Mahren
1750 2289 1804 2346 und
1813 2289 1888 2345 desset

1095 2393 1277 2449 historische
1300 2395 1613 2469 Litterargeschichte
1637 2414 1698 2451 von
1722 2395 1834 2450 Mahren
1851 2390 1888 2445 und

1097 2504 1206 2552 dsterr.
1224 2496 1390 2554 Schlesien.
1409 2495 1437 2575 (1.
1452 2517 1478 2554 e.
1493 2499 1701 2555 Recensiones
1717 2517 1753 2554 ac
1765 2498 1888 2554 relationes

1097 2601 1134 2657 de
1158 2601 1302 2677 operibus
1327 2601 1487 2677 publicatis
1508 2621 1565 2678 per
1586 2603 1657 2658 Chr.
1680 2600 1821 2659 d'Elvert:
1841 2598 1888 2669 ,Hi-

1096 2707 1191 2762 storia
1207 2706 1405 2779 Iglaviensis“
1425 2719 1455 2762 et
1475 2708 1630 2777 „Historia
1648 2707 1807 2764 litterariae
1820 2706 1889 2760 Mora·

1096 2807 1185 2888 viae.)
1202 2811 1291 2867 Tom.
1306 2810 1380 2866 6-de
1392 2829 1470 2866 anno
1490 2809 1580 2882 1851.
1597 2831 1627 2887 p.
1643 2809 1769 2882 26—44
1780 2807 1845 2885 apud
1854 2823 1890 2861 nos

1096 2914 1152 2971 sub
1170 2916 1222 2969 Bn.
1245 2913 1356 2986 19558.
1390 2914 1421 2987 b)
1443 2915 1500 2970 Die
1523 2912 1889 2990 MarkgrafschaltMihren,

1097 3019 1282 3073 annuntiatio
1296 3019 1408 3093 operis
1434 3018 1523 3074 Tom.
1546 3034 1571 3085 1,
1589 3012 1890 3090 deann01848,libel-

1098 3122 1142 3178 lus
1159 3137 1188 3193 3.
1206 3137 1244 3194 42
1257 3141 1288 3197 p.
1306 3124 1334 3177 in
1352 3134 1455 3178 nostra
1467 3120 1606 3179 bibl.sub
1617 3123 1671 3178 Bu.
1688 3136 1796 3196 19559.
1813 3118 1890 3192 ditr-

1097 3225 1245 3282 zeichniss
1262 3243 1322 3281 von
1340 3225 1505 3282 Urlrunden
1521 3245 1572 3281 zur
1585 3225 1771 3282 Geschichte
1782 3222 1890 3281 110118111-

1097 3349 1165 3385 men
1178 3329 1237 3385 und
1250 3329 1376 3384 Mahren
1390 3344 1447 3386 etc.
1463 3330 1579 3386 Tomus
1593 3349 1692 3387 nouus
1701 3329 1738 3386 de
1747 3348 1819 3386 anno
1830 3325 1890 3397 1852.

1097 3455 1126 3509 p.
1145 3449 1204 3489 222
1229 3446 1287 3488 etc.
1304 3432 1362 3488 sub
1379 3434 1432 3489 ssn.
1455 3432 1556 3506 19558
1573 3432 1646 3490 bibl.

1184 3538 1220 3592 Il.
1232 3538 1264 3592 ln
1277 3537 1408 3606 „Archiv
1419 3537 1465 3592 fiir
1476 3538 1583 3593 Kunde
1593 3538 1648 3593 der
1659 3535 1891 3594 dsterreichischen

1098 3640 1421 3715 Geschichtsquellen“
1463 3638 1628 3718 (archivum
1665 3641 1789 3699 fontium
1819 3642 1891 3697 histor.

1098 3742 1219 3822 austr.):
1244 3746 1275 3818 a)
1292 3746 1413 3800 Bericht
1430 3744 1505 3800 iiber
1518 3745 1575 3801 den
1588 3747 1789 3802 historischen
1797 3739 1892 3801 Vorrath

1098 3851 1135 3903 im
1147 3848 1278 3903 Archive
1290 3848 1344 3903 des
1358 3848 1692 3905 Benedictiner·Stistes
1706 3850 1836 3922 Raigern.
1847 3843 1891 3923 (ic

1098 3953 1145 4007 De
1169 3951 1356 4007 adminiculis
1384 3952 1551 4018 historicis,
1576 3971 1654 4027 quae
1678 3955 1706 4009 in
1725 3945 1892 4026 Raigradieusi

1098 4056 1222 4111 archivo
1239 4052 1364 4131 extant.)
1390 4056 1473 4129 Plag.
1491 4071 1520 4127 5,
1543 4055 1580 4111 de
1602 4075 1682 4112 anno
1709 4056 1795 4129 1849.
1817 4074 1840 4129 p.
1856 4063 1892 4118 145

1099 4159 1215 4231 —165,
1241 4163 1269 4215 in
1290 4159 1362 4215 bibl.
1386 4174 1489 4216 nostra
1512 4159 1568 4215 sub
1595 4162 1646 4216 Bn.
1676 4161 1786 4233 19807.
1814 4155 1894 4231 91111

1100 4264 1325 4320 Wiedertauser
1339 4265 1367 4318 in
1381 4264 1515 4319 Mahren.
1539 4261 1569 4341 (i.
1583 4283 1609 4320 e.
1624 4265 1672 4319 De
1688 4261 1866 4339 anabaptistis
1877 4259 1895 4310 11

1099 4365 1256 4446 Moravia.)
1278 4345 1352 4424 thid.
1370 4387 1464 4423 annus
1482 4369 1504 4424 I.
1522 4368 1560 4425 de
1582 4368 1673 4441 1850.
1692 4369 1779 4424 Tom.
1797 4359 1894 4439 2961

1104 4471 1217 4543 -138,
1235 4472 1314 4547 apud
1331 4491 1386 4528 nos
1403 4473 1456 4528 Bn.
1478 4471 1590 4544 13586.

1329 4607 1372 4689 Β)
1391 4606 1512 4689 Opera
1528 4608 1583 4670 sui
1600 4609 1718 4679 iuris:¹

1188 4734 1276 4788 111.T
1277 4732 1472 4789 aschenbuch
1482 4732 1528 4788 fiir
1539 4732 1782 4790 dieGeschichte
1792 4730 1900 4787 Mihreus

1100 4837 1160 4892 und
1176 4836 1360 4902 Schlesiens‚
1378 4839 1407 4893 in
1425 4835 1618 4911 Verbindung
1635 4840 1688 4893 mit
1704 4839 1849 4893 mehreren
1860 4831 1902 4888 Ge·

1100 4940 1378 4997 schichtsfreunden
1403 4940 1656 5015 herausgegeben
1680 4961 1741 4997 von
1853 4935 1877 5013 (1.
1886 4951 1903 4988 e-

1101 5044 1267 5118 Pugillares
1284 5046 1429 5100 historiae
1445 5046 1603 5101 Moraviae
1621 5059 1651 5101 et
1667 5043 1796 5102 Silesiae
1811 5043 1906 5100 dedica·

1101 5147 1172 5226 tae.)
1189 5149 1279 5204 Tomi
1296 5163 1325 5219 3.
1349 5146 1439 5215 1826,
1461 5147 1540 5221 1827
1555 5163 1585 5205 et
1602 5149 1694 5218 1829.
1712 5152 1836 5215 Brunae,
1850 5145 1909 5222 typis

189 5224 290 5307 larga
307 5227 449 5306 quidem
462 5230 525 5289 sed
539 5229 747 5310 plerumque
762 5231 903 5292 occulta
916 5251 1021 5293 manu
1059 5225 1062 5294 Ι
1102 5253 1125 5308 1,
1142 5253 1180 5310 (3,
1198 5253 1350 5308 Trassler.
1369 5251 1411 5309 8⁰.
1429 5273 1458 5328 p,
1476 5268 1550 5326 3¹5·
1569 5253 1630 5326 209
1648 5268 1679 5310 et
1695 5269 1768 5328 2772
1784 5252 1858 5331 apud
1871 5265 1912 5306 „0⁵

190 5350 355 5409 sublevat
382 5358 417 5411 et
439 5355 489 5411 30.
507 5349 606 5431 Sept.
628 5355 704 5412 1851
728 5352 882 5432 pecunia
903 5373 967 5430 400
987 5353 1020 5415 fl.
1059 5321 1062 5429 i
1101 5356 1157 5413 sub
1174 5358 1226 5413 Bn.
1250 5357 1361 5430 15484.
1378 5358 1401 5413 1.
1419 5358 1457 5413 11.
1475 5378 1501 5414 e.
1520 5372 1658 5431 24—27.
1756 5413 1759 5420 .
