4252 6112
920 438 1201 523 -146-

189 645 382 720 zugessossen
400 645 445 699 ist.
463 643 606 708 Viennae,
624 640 714 716 1805,
729 644 809 719 typis
822 642 915 699 Math.
928 641 1022 700 Andr.

188 748 336 806 Schmidt.
353 781 395 789 —
411 747 478 804 Von
498 746 564 802 dem
585 747 701 803 uralten
718 746 866 803 Bildnisse
887 746 941 803 der
961 747 1023 804 hei·

193 854 301 929 ligsten
311 852 533 909 Gottesmutter
543 850 593 908 bei
606 851 663 907 den
671 852 919 908 Franciscaneru.
932 852 1023 909 Vien-

192 977 258 1024 nae,
280 956 370 1031 1807,
386 955 467 1033 apud
483 956 594 1032 loseph
608 955 751 1013 Tendler.
765 989 806 998 -
819 957 886 1013 Von
900 956 954 1012 der
965 957 1023 1012 Er·

194 1062 356 1120 habenheit
372 1061 426 1118 des
443 1061 602 1135 heiligsten
614 1062 745 1117 Namens
758 1062 861 1118 Maria.
879 1061 1022 1128 Viennae,

198 1165 288 1233 1808,
305 1166 387 1242 apud
403 1165 514 1242 Ioseph
531 1164 675 1221 Tendler.

281 1272 317 1327 II.
331 1269 614 1346 Fastenpredigten.
627 1264 656 1346 (i.
670 1288 697 1327 e.
711 1270 882 1326 Conciones
895 1269 1025 1345 quadra·

190 1372 377 1453 gesimales.)
395 1390 411 1431 2
426 1374 486 1431 vol.
504 1373 548 1431 8⁰.
571 1388 596 1430 1.
614 1373 661 1429 ed.
675 1375 819 1441 Viennae,
838 1372 928 1447 1796,
946 1374 1026 1449 typis

194 1483 276 1538 Ioan.
291 1479 400 1536 Thom.
421 1477 491 1535 nob.
509 1477 546 1533 de
565 1479 718 1547 'l‘rattner,
736 1493 765 1534 2.
782 1478 828 1534 ed.
846 1476 916 1534 ibid.
934 1476 1025 1550 1804.

281 1585 332 1640 111.
350 1582 675 1658 Sonntagspredigten.
692 1578 721 1661 (i.
738 1601 765 1639 e.
783 1583 955 1641 Conciones
970 1582 1026 1639 do·

193 1689 347 1746 minicales
364 1706 418 1764 per
435 1684 564 1766 annum.)
590 1703 609 1759 4
630 1687 690 1744 vol.
716 1685 758 1745 8⁰.
779 1688 923 1756 Viennae,
945 1700 1024 1762 1797

193 1808 332 1867 —1799,
350 1806 412 1868 typ.
429 1793 511 1849 Ioan.
529 1792 638 1848 'l'hom
656 1790 726 1848 nob.
743 1790 781 1847 de
797 1791 952 1848 Trattner.

281 1897 331 1954 IV.
362 1895 705 1972 Feyertagspredigten.
737 1891 768 1973 (i.
796 1914 823 1952 e.
855 1895 1026 1952 Conciones

194 2001 348 2059 festivales
364 1997 566 2078 perannum.)
589 2000 622 2056 In
638 1998 758 2057 duobus
773 2000 895 2066 nolum„
913 2013 944 2057 et
959 2001 1025 2076 qui·

193 2105 261 2163 dem
276 2105 336 2162 vol.
359 2120 388 2160 1:
405 2103 468 2160 Aus
480 2103 528 2160 die
545 2105 689 2179 Festtage
705 2104 759 2161 des
775 2104 875 2161 Herrn
892 2103 951 2160 und
967 2105 1025 2160 sei·

194 2229 249 2267 ner
272 2209 422 2284 Heiligen.
450 2205 480 2287 (i.
505 2209 586 2278 11111Ι
609 2208 716 2265 diebus
741 2207 827 2265 lestis
851 2210 971 2265 Domini
995 2222 1026 2265 et

193 2329 367 2372 sanctorum
390 2311 475 2393 eius.)
499 2313 566 2370 Vol.
593 2329 625 2371 2:
650 2312 712 2370 Aut
732 2313 781 2370 die
804 2314 949 2388 Festtage
972 2312 1026 2369 der

195 2419 356 2495 heiligsten
371 2417 517 2496 Jungsrau
535 2419 640 2475 Maria.
662 2414 692 2496 (i.
709 2438 737 2476 e.
760 2420 794 2475 In
815 2416 922 2475 diebus
940 2417 1032 2485 sesti·

194 2537 318 2582 sauctae
330 2525 444 2580 Mariae
453 2521 607 2601 Virginis.)
622 2539 638 2579 2
649 2523 709 2579 vol.
724 2523 766 2580 8⁰.
775 2524 920 2591 Viennae,
934 2537 1025 2597 1799,

195 2632 276 2706 typis
292 2629 375 2686 Ioan.
393 2628 451 2685 Th.
468 2626 538 2685 nob.
553 2628 590 2684 de
604 2628 758 2685 Trattner.
778 2660 821 2668 —
841 2627 1026 2684 Concionum

195 2733 252 2792 sub
274 2748 304 2807 5.
321 2747 351 2789 et
367 2749 396 2806 4.
415 2746 715 2789 commemoratarum
735 2751 844 2789 novam
865 2731 1027 2789 editionem

196 2837 362 2896 faciendam
387 2850 472 2893 curat
500 2837 533 2895 P.
557 2836 773 2893 Constantinus
797 2836 921 2894 Vidmar
948 2831 1027 2913 (vide

195 2939 285 3021 hunc)
301 2941 459 2998 Scotensis
476 2941 556 3018 apud
568 2940 685 2997 Herder
698 2942 875 3016 Brisgoviae
892 2942 921 2997 in
934 2957 953 3014 4
967 2940 1026 2997 vol.

197 3046 240 3105 8⁰.
262 3045 351 3104 1880.

286 3181 431 3244 Relicta
461 3182 507 3242 ab
534 3179 695 3242 Adriano
723 3179 876 3244 Gretsch
906 3201 1027 3243 manu·

197 3303 331 3386 scripta
346 3312 473 3384 postea
485 3302 526 3364 P.
539 3301 649 3384 Leop.
662 3299 846 3365 Scherlich
863 3302 957 3386 (vide
970 3303 1027 3384 h),

197 3425 295 3510 typis
311 3425 449 3487 edenda
465 3423 602 3486 curavit
619 3431 655 3485 et
671 3424 827 3505 quidem:

284 3569 320 3625 V.
342 3568 466 3642 Predigt
480 3586 541 3624 von
556 3567 613 3624 den
630 3567 846 3625 Krankheiten.
868 3570 935 3626 Von
956 3571 1028 3626 wei·

199 3674 266 3730 land
287 3672 400 3729 Adrian
422 3670 554 3729 Gretsch
578 3686 635 3729 etc.
659 3673 803 3740 Viennae,
832 3671 922 3747 1851,
947 3676 1028 3751 typis

198 3778 268 3835 Ant.
285 3777 355 3835 nob.
372 3777 410 3833 de
426 3776 557 3833 Schmid.

286 3901 337 3957 VI.
370 3899 603 3956 Homiletischer
634 3899 780 3956 Nachlass
815 3899 869 3956 des
901 3900 1029 3958 weiland

200 4004 434 4077 hochwlirdigen
458 4002 572 4059 Adrian
600 4003 731 4060 Gretsch
760 4018 817 4062 etc.
848 4005 1029 4062 Enthaltend

201 4109 310 4165 dessen
330 4108 408 4164 noch
432 4110 479 4163 nie
500 4110 538 4163 im
557 4108 678 4164 Drucke
699 4110 914 4166 erschienenen
930 4111 1028 4168 Sunn-

201 4211 438 4289 tagspredigten.
452 4208 482 4289 (i.
492 4231 519 4269 e.
530 4213 701 4269 Conciones
710 4212 926 4293 dominicales.)
940 4213 1028 4271 bvol.

202 4317 244 4375 8⁰.
262 4317 405 4374 Viennae.
427 4302 517 4390 183'4,
535 4320 615 4392 typis
631 4331 661 4373 et
677 4333 785 4394 sumpt.
803 4320 915 4394 Congr.
933 4320 1029 4376 Mech.

288 4440 354 4496 VII.
386 4439 619 4496 Homiletischer
645 4441 792 4497 Nachiass
824 4442 878 4498 des
905 4442 1032 4498 weiland

201 4543 436 4618 hochwr'irdigen
449 4541 562 4599 Adrian
576 4543 716 4600 Gretsch.
731 4545 910 4603 Enthaltend
923 4547 1032 4603 dessen

202 4649 280 4707 noch
312 4650 360 4704 nie
391 4650 429 4704 im
458 4648 581 4704 Drucke
608 4649 823 4706 erschienenen
850 4652 1032 4728 Feyertags·

205 4754 373 4832 predigten.
395 4750 424 4830 (i.
442 4773 468 4809 e.
486 4753 659 4810 Conciones
676 4754 850 4834 festivales.)
871 4772 888 4830 3
908 4757 967 4815 vol.
989 4757 1031 4815 8⁰.

202 4862 346 4928 Viennae,
373 4857 464 4931 1834,
486 4860 565 4934 typis
586 4872 617 4915 et
636 4872 745 4935 sumpt.
762 4861 875 4937 Congr.
892 4863 1033 4920 Mechith.

291 4980 371 5037 VIII.
399 4981 633 5038 Homiletischer
656 4982 802 5039 Nachiass
829 4983 883 5041 des
908 4983 1034 5042 weiland

204 5085 438 5160 hochwitrdigen
466 5086 580 5142 Adrian
608 5085 740 5144 Gretsch
763 5101 822 5144 etc.
852 5089 1033 5146 Enthaltend

204 5187 314 5244 dessen
330 5190 406 5246 noch
424 5193 471 5247 nie
488 5194 526 5247 im
540 5190 663 5248 Drucke
680 5192 895 5249 erschienenen
907 5196 932 5250 F
933 5209 1034 5251 asten·

205 5290 371 5366 predigten.
381 5290 410 5370 (i.
421 5313 446 5351 e.
457 5296 628 5352 Conciones
637 5297 934 5378 quadragesimales.)
949 5315 960 5356 1
973 5301 1032 5357 vol.

205 5393 248 5451 8⁰.
266 5395 408 5463 Viennae,
430 5398 519 5472 1835,
537 5403 617 5476 typIs
634 5414 663 5456 et
679 5415 787 5478 sumpt.
805 5403 918 5479 Congr.
936 5405 1032 5461 Mech.

1189 642 1240 697 IX.
1273 642 1507 700 Homiletischer
1537 644 1684 700 Nachiass
1719 644 1773 700 des
1805 642 1941 700 weiland

1101 746 1337 821 hochwurdigen
1363 746 1477 805 Adrian
1501 747 1634 806 Gretsch
1661 761 1719 805 etc.
1751 747 1943 806 Enthaltend

1102 850 1212 921 dessen
1235 851 1313 908 noch
1335 853 1383 908 nie
1406 855 1444 908 im
1465 852 1589 910 Drucke
1609 853 1825 910 erschienenen
1843 852 1942 910 Gele-

1102 954 1410 1031 genheitspredigten.
1427 954 1457 1036 (i.
1471 976 1498 1014 e.
1516 958 1688 1015 Conciones
1704 956 1943 1036 occasionales.)

1105 1073 1120 1114 2
1139 1059 1199 1115 vol.
1217 1056 1259 1116 8⁰.
1276 1060 1419 1129 Viennae,
1441 1059 1531 1134 1855,
1549 1064 1629 1137 typis
1645 1075 1676 1119 et
1691 1075 1801 1138 sumpt.
1818 1062 1940 1138 Congr.

1104 1163 1246 1220 Mechith.

1192 1293 1243 1366 de
1272 1292 1477 1369 orienfels
1515 1308 1753 1374 Edmundus
1787 1286 1942 1392 (111111-

1105 1420 1270 1504 censis),
1287 1421 1449 1487 Viennae
1464 1425 1500 1489 in
1517 1428 1664 1492 Austria
1685 1430 1743 1493 die
1769 1435 1816 1493 15.
1835 1429 1941 1514 Sept.

1110 1545 1192 1605 1080
1212 1553 1326 1625 natus,
1349 1545 1405 1608 die
1427 1550 1456 1610 5.
1473 1546 1552 1612 Oct.
1575 1555 1654 1629 1698
1675 1553 1836 1615 sollemni
1858 1575 1943 1637 pro·

1105 1661 1259 1728 fessione
1280 1669 1494 1732 monasterio
1519 1689 1557 1733 se
1578 1673 1770 1737 adstrinxit
1795 1683 1833 1738 et
1859 1696 1943 1757 1704

1106 1785 1163 1847 die
1181 1807 1231 1866 29.
1248 1786 1348 1871 Sept.
1369 1803 1555 1874 neomysta
1578 1795 1625 1856 ad
1645 1815 1742 1858 aram
1764 1797 1876 1862 stetit.
1900 1799 1944 1862 In

1104 1906 1278 1991 reilgione
1302 1912 1348 1973 ab
1372 1912 1467 1975 omni
1489 1915 1654 1978 abhoruit
1681 1915 1813 2002 officio,
1844 1931 1882 1984 et
1904 1921 1942 1985 in

1106 2029 1246 2094 silentio
1262 2033 1402 2096 transiit
1414 2035 1524 2098 vitam
1540 2056 1640 2100 suam
1653 2041 1877 2124 eandemque
1893 2046 1942 2107 ad

1105 2152 1203 2233 ipsos
1212 2155 1395 2237 octoginta
1407 2177 1519 2221 annos
1532 2171 1780 2242 exporrectam
1793 2166 1942 2230 tandem

1106 2276 1299 2340 accedente
1316 2288 1418 2341 aestu
1435 2279 1550 2344 febrili
1568 2303 1646 2345 cum
1663 2285 1806 2366 placida
1823 2299 1939 2352 morte

1106 2399 1258 2463 mutavit
1278 2400 1335 2464 die
1352 2407 1381 2465 5.
1397 2403 1484 2466 Dec.
1506 2425 1599 2469 anno
1622 2427 1644 2469 a
1664 2407 1778 2489 prima
1800 2410 1940 2490 profes·

1106 2519 1205 2583 sione
1222 2527 1273 2605 61,
1290 2544 1311 2585 a
1326 2525 1449 2606 primis
1465 2527 1628 2608 primitiis
1646 2534 1696 2593 55.
1721 2530 1890 2615 Scripsit:

1194 2649 1216 2704 Ι.
1238 2649 1409 2725 Explicatio
1426 2672 1519 2729 super
1535 2656 1704 2712 universam
1717 2656 1821 2715 Alvari
1839 2678 1941 2734 gram·

1107 2755 1254 2821 maticam,
1273 2757 1447 2831 conscripta
1463 2776 1480 2813 a
1496 2757 1528 2815 P.
1546 2758 1704 2816 Edmundo
1720 2761 1757 2817 de
1775 2761 1941 2834 Grienfels,

1107 2856 1249 2932 professo
1265 2858 1441 2929 Mellicensi,
1458 2865 1670 2937 grammatices
1686 2878 1717 2921 et
1732 2870 1870 2941 syntaxis
1887 2887 1942 2945 per

1107 2961 1257 3019 biennium
1275 2964 1426 3039 quondam
1443 2968 1599 3041 magistro
1624 2969 1657 3024 In
1679 2971 1807 3044 gratiam
1823 2973 1942 3030 studio-

1107 3086 1160 3125 sae
1176 3069 1347 3125 iuventutis.
1364 3075 1406 3142 4⁰.
1423 3070 1480 3126 Ms.

1195 3173 1232 3230 11.
1253 3173 1347 3228 'rituli
1370 3173 1516 3249 elogiales
1539 3173 1648 3233 beatae
1668 3178 1783 3236 Mariae
1803 3183 1941 3257 virginis.

1107 3283 1151 3350 4⁰·
1169 3275 1229 3351 ⁶45
1248 3297 1277 3353 p·
1295 3278 1351 3335 Ms·

1195 3382 1247 3438 III.
1272 3383 1318 3438 De
1342 3383 1440 3440 mundi
1466 3388 1621 3442 creatione
1642 3399 1673 3443 et
1691 3406 1786 3463 opere
1807 3409 1862 3447 sex
1879 3391 1941 3448 die·

1107 3505 1180 3543 rum.
1198 3485 1239 3543 8⁰.
1257 3485 1298 3559 58
1315 3505 1344 3562 p.

1194 3591 1245 3648 IV.
1267 3589 1418 3666 Syntaxis.
1440 3597 1483 3665 4⁰.
1505 3594 1561 3650 Ms.
1585 3593 1641 3650 Sat
1661 3610 1778 3652 vastum
1800 3598 1940 3656 volumen

1107 3698 1172 3751 sine
1189 3697 1365 3771 paginarum
1382 3699 1523 3754 numeris.

1194 3801 1229 3858 V.
1253 3801 1455 3857 Chronotaxis
1478 3820 1623 3859 annorum
1647 3817 1677 3859 et
1698 3819 1857 3878 gestorum
1879 3808 1940 3864 Do·

1109 3907 1178 3961 mini
1195 3906 1262 3961 Iesu
1276 3905 1397 3972 Christi,
1411 3907 1440 3960 in
1458 3924 1517 3981 qua
1535 3920 1666 3981 quatuor
1682 3911 1841 3985 evangelia
1856 3926 1941 3969 recto

1108 4010 1215 4068 ordine
1231 4012 1376 4084 temporis
1388 4009 1564 4084 digeruntur
1577 4025 1607 4068 et
1619 4013 1697 4068 inter
1707 4032 1742 4069 se
1753 4014 1940 4085 ordinantur,

1110 4127 1141 4171 ut
1167 4132 1253 4170 unam
1282 4114 1393 4170 Christi
1421 4115 1576 4171 historiam
1604 4116 1745 4174 efficiant.
1778 4120 1870 4193 1728.
1898 4127 1941 4194 4⁰.

1109 4220 1166 4275 Ms.
1182 4238 1212 4294 p.
1231 4232 1301 4292 715.

1195 4322 1246 4379 VI.
1271 4322 1488 4398 Ephemerides
1509 4323 1698 4382 Mellicenses
1721 4326 1760 4381 ad
1785 4342 1832 4399 19.
1851 4328 1942 4386 Febr.

1115 4441 1195 4501 1750
1222 4429 1380 4502 sequentia
1407 4440 1524 4484 notant:
1557 4427 1671 4484 Adtulit
1703 4443 1733 4486 et
1763 4434 1945 4489 monstravit

1111 4533 1181 4589 mihi
1194 4531 1229 4589 R.
1244 4533 1275 4589 P.
1290 4531 1465 4587 Edmundus
1480 4531 1587 4588 librum
1604 4545 1651 4588 sat
1662 4547 1780 4592 vastum
1797 4535 1835 4592 de
1853 4550 1941 4594 cantu

1112 4637 1236 4701 chorali,
1253 4655 1341 4711 quem
1358 4638 1424 4711 ipse
1441 4639 1620 4712 composuit.

1200 4784 1479 4880 Grindberger
1499 4798 1744 4860 Leonardus
1767 4797 1944 4881 (Gottvi-

1114 4913 1277 4995 censis),
1300 4912 1445 4976 Mellicii
1469 4913 1505 4976 in
1529 4914 1677 4979 Austria
1700 4917 1758 4980 die
1783 4924 1833 4984 28.
1855 4920 1944 5003 Apr.

1119 5040 1197 5116 1753
1211 5045 1315 5098 natus
1329 5045 1364 5099 et
1376 5037 1549 5100 absolutiS
1563 5038 1598 5100 in
1611 5040 1842 5104 celeberrImo
1853 5042 1945 5105 eius-

1114 5161 1194 5221 dem
1206 5157 1357 5221 nominis
1369 5160 1582 5222 monasterio
1596 5161 1722 5223 studiis
1731 5163 1945 5227 humaniori·

1112 5283 1180 5344 bus
1208 5292 1245 5343 et
1269 5280 1522 5361 philosophicis
1546 5282 1582 5344 in
1605 5284 1779 5346 asceterio
1804 5283 1945 5348 Gottvi·

1114 5402 1211 5465 censi
1235 5423 1262 5464 s.
1285 5403 1564 5466 conversati0nis
1587 5405 1748 5469 habitum
1771 5406 1887 5470 induit
1908 5417 1946 5470 et
