4222 6106
915 506 1195 575 -533-

186 693 235 751 15.
245 689 318 751 Ian.
334 690 423 768 1840,
438 687 611 749 absolutis
625 686 826 769 Salisburgi
838 689 1016 770 gymnasii

184 810 392 891 disciplinis
410 810 564 872 novitius
582 831 631 887 ²4·
649 808 749 889 Sept.
771 813 861 892 1866,
879 811 1016 872 emissis

183 933 279 995 votis
295 932 514 1013 simplicibus
527 933 681 994 Romam
694 932 833 1014 missus,
847 942 886 994 ut
898 933 932 994 in
947 933 1017 994 col-

182 1054 280 1135 legio
300 1073 327 1117 s.
344 1053 506 1115 Anselmi
529 1053 656 1115 studiis
680 1054 891 1136 theologicis
913 1074 1018 1115 vaca-

184 1185 250 1258 ret,
274 1186 356 1257 post
380 1175 560 1237 biennium
590 1175 772 1256 expetitus
800 1175 835 1237 in
863 1186 1018 1237 montem

184 1295 371 1359 Cassinum
396 1296 678 1378 transmigravit,
702 1297 749 1358 ibi
774 1297 808 1357 in
830 1297 1018 1359 seminario

184 1419 343 1501 linguam
354 1417 528 1480 Graecam
540 1420 717 1481 docturus.
732 1418 883 1499 Neapoli
894 1422 944 1481 26.
955 1418 1018 1480 Iul.

190 1547 272 1619 1870
302 1543 493 1622 presbyter
524 1540 707 1601 ordinatus
736 1540 899 1620 sequenti
926 1557 1019 1601 anno

186 1665 319 1742 redux,
349 1662 475 1724 studiis
507 1661 719 1743 theologicis
745 1659 952 1742 ,Salisburgi
984 1669 1021 1722 et

185 1783 412 1865 philologieis
437 1783 472 1844 111
493 1783 586 1846 univ.
604 1782 855 1864 Oenipontana
879 1783 1020 1844 absolu-

185 1905 242 1986 tis,
259 1904 442 1985 professor
462 1904 498 1966 in
515 1906 667 1987 collegio
685 1905 840 1986 archiep.
858 1924 885 1968 s,
903 1903 1021 1966 Caroli

188 2027 396 2088 Borromaei
413 2027 626 2089 constitutus
643 2037 707 2089 est.
734 2025 900 2107 Scripsit:

275 2172 297 2226 Ι.
315 2170 431 2227 Alcone
451 2171 689 2227 considerazioni
708 2173 826 2227 intorno
847 2171 876 2225 al
892 2170 1021 2227 vocalis·

191 2295 240 2331 mo
263 2293 357 2349 greco
379 2293 437 2330 con
457 2289 564 2330 stretta
585 2287 742 2331 attenenza
763 2275 822 2330 alla
839 2277 935 2330 teoria
951 2273 1019 2329 dell'

187 2391 328 2435 aumento
353 2398 369 2434 e
392 2378 674 2453 raddoppiamento
708 2380 890 2453 impressum
915 2380 944 2433 in
970 2379 1021 2433 Ri-

187 2484 267 2539 vista
297 2482 450 2556 filologica
480 2481 631 2538 letteraria
660 2481 814 2557 publicata
839 2482 877 2537 da
900 2483 933 2537 F.
961 2481 1020 2537 Co-

188 2589 277 2653 razzi,
296 2586 352 2641 Ad.
371 2585 507 2651 Gemma,
524 2587 556 2641 B.
575 2586 758 2641 Zandonella
779 2586 839 2641 vol.
861 2601 886 2642 1.
911 2605 940 2661 p.
957 2599 1016 2656 321

188 2704 305 2761 -331.
322 2690 445 2746 Verona
467 2688 555 2762 1871.

275 2812 312 2866 ΙΙ,
330 2810 456 2867 Studien
473 2810 548 2866 iiber
565 2811 612 2866 die
629 2813 658 2866 in
675 2811 732 2867 den
743 2813 830 2887 Epen
844 2811 1021 2866 dcsHomer

186 2914 444 2972 vorkommenden
458 2915 722 2970 Nominalstamme
736 2915 789 2971 aus
801 2917 809 2970 1
824 2914 883 2970 und
896 2934 924 2970 v.
945 2915 1020 2970 Pro·

185 3039 302 3093 gramm
323 3019 376 3074 des
399 3018 418 3073 1.
437 3038 462 3074 0.
480 3019 702 3073 Borromaums
728 3015 902 3094 (Tractatus
923 3018 1020 3093 philo·

187 3120 328 3201 logicos.)
345 3121 504 3195 Salzburg,
531 3122 682 3177 Zaunrith.
704 3121 794 3194 1875.
813 3120 855 3178 8⁰.
874 3120 913 3178 68
931 3141 960 3197 p.

275 3245 327 3300 111.
367 3242 551 3316 Grundziige
579 3245 674 3317 ,einer
713 3243 1020 3300 wissenschaftlichen

188 3348 378 3404 Grammatik
391 3347 444 3403 der
456 3347 666 3421 griechischen
679 3345 826 3421 Sprache.
845 3348 1020 3420 Programm

186 3452 241 3508 des
256 3452 274 3507 1.
286 3471 311 3508 0.
324 3452 544 3507 Borromz'iums.
563 3447 591 3528 (i.
607 3469 632 3506 e.
648 3450 870 3506 Grammaticae
883 3451 1021 3507 Graecae

188 3553 403 3633 fundamenta.)
420 3552 578 3628 Salzburg,
589 3553 740 3610 Zaunrith.
760 3553 850 3626 1878.
861 3553 904 3611 8⁰.
923 3552 1019 3630 118p.

274 3717 522 3790 Zitterhofer
552 3729 802 3792 Ambrosius
834 3729 1021 3812 (Sco'ten-

184 3845 272 3926 sis),
289 3845 451 3907 Viennae
467 3846 502 3907 in
520 3846 668 3909 Austria
690 3848 747 3909 die
765 3868 815 3910 21.
832 3848 918 3909 Maii
940 3852 1021 3927 1824

185 3976 303 4048 natus,
320 3987 398 4028 cum
411 3968 589 4049 gymnasii
605 3969 723 4031 studia
736 3971 833 4050 apud
848 3969 1021 4032 Benedic-

184 4087 473 4151 tino-Scotenses
486 4091 701 4152 absolvisset
713 4091 915 4171 ibidemque
925 4112 951 4152 s.
961 4093 1022 4153 ha·

184 4210 264 4271 bitu
282 4210 339 4270 die
356 4230 407 4272 21.
424 4208 524 4290 Sept.
547 4214 625 4288 1842
646 4220 741 4273 esset
758 4211 916 4293 indutuS,
936 4222 1021 4276 vota

185 4330 306 4393 emisit
322 4331 505 4393 sollemnia
523 4332 579 4393 die
598 4336 649 4394 28.
667 4330 767 4413 Sept.
787 4337 864 4412 1845
884 4353 1021 4396 necnon

185 4470 333 4514 emenso
346 4451 382 4513 in
394 4453 487 4515 univ.
497 4453 650 4515 Vindob.
665 4474 691 4514 5.
703 4454 906 4537 theologiae
917 4474 1021 4517 cursu

185 4575 337 4655 primam
366 4575 444 4636 Deo
472 4575 606 4655 optimo
636 4576 766 4638 obtulit
792 4578 944 4640 hostiam
970 4577 1021 4640 in-

186 4703 371 4758 cruentam
388 4695 445 4756 die
466 4717 491 4757 1.
509 4697 604 4778 Aug.
627 4702 717 4777 1847.
742 4697 871 4761 Statim
894 4699 1022 4761 deinde

186 4836 295 4878 curae
309 4816 503 4879 animarum
518 4820 692 4901 admotuS,
707 4840 784 4881 curn
798 4821 1021 4883 auxiliarium

189 4937 326 5019 egisset
356 4938 391 4999 in
418 4940 588 5002 suburbio
608 4940 736 5005 Vienn.
764 4942 859 5003 dicto
886 4942 1021 5023 Campo

188 5057 379 5122 Scotorum
403 5080 444 5122 ac
467 5061 594 5123 deinde
616 5072 883 5144 cooperatorem
900 5063 935 5124 in
952 5063 1022 5144 Eg-

188 5180 353 5262 gendorf,
363 5179 644 5244 Stammersdorf
653 5193 689 5245 et
702 5181 958 5265 Gumpendorf,
968 5205 1021 5247 ao.

193 5306 270 5363 18111
289 5303 323 5364 111
337 5303 589 5365 monasterium
601 5305 716 5366 redux
728 5313 915 5385 susceptos
924 5305 1023 5366 novi-

187 5424 317 5485 tiorum
331 5424 493 5506 magistri
510 5433 547 5487 et
563 5425 768 5488 clericorum
781 5425 929 5488 rectoris
943 5446 1024 5488 nec·

1096 710 1165 751 non
1189 689 1450 752 bibliothecarii
1475 702 1510 752 et
1535 691 1776 753 ceremoniarii
1800 711 1873 754 rev.
1897 694 1930 756 d.

1097 812 1239 873 abbatis
1256 823 1377 891 partes
1395 813 1541 894 egregie
1557 813 1668 874 tuitus
1685 821 1740 875 est
1753 833 1865 894 usque
1883 815 1929 875 ad

1097 953 1227 994 annum
1249 936 1338 1014 1800,
1356 954 1426 1014 quo
1443 935 1587 1014 parochi
1609 954 1753 996 munere
1775 934 1809 995 in
1826 933 1930 996 Wat·

1098 1053 1255 1116 zelsdors
1268 1054 1336 1115 iam
1354 1074 1419 1135 per
1431 1075 1537 1116 unum
1555 1075 1684 1116 annum
1698 1054 1851 1135 functuS,
1868 1075 1932 1135 pa·

1099 1178 1227 1238 rochus
1253 1176 1286 1236 in
1309 1177 1369 1239 Kl.
1387 1176 1611 1258 Engersdorf
1631 1187 1684 1238 est
1712 1177 1931 1258 designatus,

1099 1318 1204 1378 quam
1221 1297 1441 1378 provinciam
1457 1319 1570 1379 usque
1587 1300 1702 1361 adhuc
1720 1298 1880 1361 sustinet.

1188 1419 1300 1501 Typis
1316 1419 1442 1481 edidit:

1187 1547 1209 1601 I.
1237 1548 1296 1602 Zur
1320 1545 1545 1602 Secundizseier
1570 1545 1618 1603 Sr.
1641 1546 1853 1603 Hochwiirdcn
1879 1545 1933 1601 des

1100 1652 1199 1706 Herrn
1215 1652 1247 1705 P.
1265 1648 1392 1705 Severin
1410 1649 1504 1716 Fauo,
1531 1650 1667 1706 Piarrers
1691 1670 1726 1704 zu
1753 1649 1936 1723 Eggendorf

1101 1757 1139 1810 im
1156 1754 1263 1820 Thale,
1281 1773 1326 1809 am
1350 1753 1395 1810 18.
1410 1754 1483 1830 Apr.
1502 1754 1591 1826 1852.
1610 1752 1639 1831 (i.
1650 1774 1676 1810 e.
1691 1755 1820 1810 Carmen
1834 1753 1931 1809 105111.

1101 1877 1157 1934 pro
1174 1855 1333 1936 secundit.)

1187 1962 1226 2017 Il.
1244 1963 1430 2017 Conciones:
1455 1962 1579 2036 Predigt
1603 1981 1650 2017 arn
1676 1964 1768 2018 Feste
1790 1962 1843 2018 des
1865 1963 1933 2017 heil.

1101 2066 1242 2141 Leopold
1265 2068 1294 2120 in
1310 2065 1363 2120 der
1380 2066 1544 2139 Collegiat·
1569 2066 1628 2122 und
1653 2065 1934 2141 Stadtplarrkirche

1101 2171 1154 2226 des
1171 2189 1235 2244 reg.
1253 2170 1303 2225 lat.
1321 2169 1614 2225 Chorhcrrenstiftes
1631 2170 1684 2226 des
1701 2170 1769 2225 heil.
1784 2169 1934 2243 Augustin

1101 2295 1136 2330 zu
1159 2268 1425 2347 Klosterneuburg¹
1441 2292 1488 2328 am
1515 2287 1560 2345 15.
1579 2275 1655 2329 Nov.
1678 2271 1768 2345 1864.
1794 2274 1934 2328 Kornen-

1100 2377 1190 2451 burg,
1208 2380 1288 2452 typis
1304 2379 1352 2433 Fr.
1372 2376 1525 2452 Kiihkops.
1551 2411 1593 2418 —
1617 2377 1739 2450 Predigt
1760 2395 1807 2431 arn
1829 2376 1935 2431 Patro·

1102 2482 1246 2538 natsieste
1270 2481 1323 2536 des
1350 2482 1508 2537 Kranken·
1532 2481 1591 2537 und
1615 2481 1934 2537 Pensions·lnstitutes

1102 2585 1148 2641 1111
1171 2585 1479 2660 Handlungscommis
1503 2588 1532 2641 in
1550 2587 1649 2642 Wien.
1672 2586 1816 2649 Viennae,
1843 2581 1933 2647 1868,

1101 2692 1181 2766 typis
1198 2709 1303 2764 congr.
1322 2689 1462 2745 Mechith.

1188 2795 1241 2849 lll.
1260 2792 1469 2871 Gedenkbuch
1486 2792 1540 2848 der
1553 2793 1657 2848 Plarre
1671 2794 1718 2849 Kl.
1732 2790 1932 2875 Engersdors.

1101 2897 1169 2975 (1.0.
1188 2899 1443 2953 Commentarium
1460 2895 1497 2952 de
1515 2897 1583 2952 fatis
1600 2896 1751 2971 rebusque
1769 2895 1932 2971 parochiae

1101 3000 1295 3076 Engersdors
1307 3002 1415 3056 Minor.
1433 3000 1662 3073 diligentissime
1679 2995 1854 3076 exaratum.)
1876 2999 1932 3053 Ms.

1101 3109 1129 3161 in
1146 3112 1188 3177 4⁰.
1213 3104 1341 3160 Adserv.
1366 3106 1394 3158 in
1418 3104 1531 3159 archiv.
1554 3105 1716 3179 parochiae
1741 3099 1936 3176 Engersdorl

1101 3211 1208 3265 Minor.

1187 3355 1317 3428 Zobel
1355 3365 1555 3426 Placidus
1595 3363 1934 3445 (Mariaemonta-

1100 3488 1203 3564 nus),
1226 3493 1330 3544 natus
1346 3484 1382 3545 in
1399 3482 1547 3546 Schwaz
1569 3487 1619 3544 30.
1638 3483 1723 3544 Dec.
1746 3486 1836 3563 1750,
1860 3491 1933 3544 stu-

1102 3605 1169 3666 diis
1185 3604 1473 3686 gymnasiasticis
1487 3602 1697 3685 Salisburgi,
1714 3603 1933 3683 philosophi-

1099 3727 1154 3814 cis
1172 3726 1374 3806 Oeniponte
1391 3726 1563 3787 absolutis
1585 3729 1631 3788 15.
1647 3724 1725 3788 Oct.
1744 3729 1823 3803 1768
1841 3725 1934 3787 ordi-

1101 3868 1181 3910 nem
1198 3849 1381 3929 ingressus
1398 3858 1462 3910 est.
1486 3846 1581 3909 Vota
1598 3846 1781 3907 sollemnia
1803 3868 1828 3909 1.
1842 3846 1931 3908 Nov.

1107 3975 1187 4048 1769
1205 3969 1331 4049 emisit,
1349 3970 1517 4030 sacerdos
1534 3967 1692 4030 initiatus
1710 3978 1764 4030 est
1782 3972 1832 4029 20.
1846 3969 1932 4030 Dec.

1106 4098 1196 4170 1773.
1221 4091 1347 4152 Finitis
1369 4110 1452 4152 mox
1473 4090 1600 4152 studiis
1622 4090 1839 4152 erudiendae
1861 4101 1934 4151 stu-

1102 4215 1224 4275 diosae
1248 4213 1424 4275 iuventuti
1447 4222 1483 4274 et
1506 4211 1542 4274 in
1566 4213 1781 4274 monasterio
1802 4221 1837 4274 et
1859 4193 1935 4274 Me-

1102 4336 1177 4397 rani
1195 4335 1374 4397 adhibitus
1392 4335 1469 4415 ipse
1486 4334 1594 4415 poeta
1611 4342 1647 4395 et
1660 4319 1780 4395 orator
1793 4334 1936 4395 celeber

1102 4459 1192 4518 adeo
1217 4457 1398 4537 excelluit,
1427 4467 1534 4536 atque
1563 4457 1607 4517 de
1631 4475 1669 4517 se
1696 4474 1817 4517 omnes
1842 4457 1934 4516 bene

1102 4597 1248 4658 sperare
1268 4578 1363 4659 fecit,
1390 4587 1428 4639 ut
1453 4598 1500 4638 12.
1518 4578 1612 4658 Aug.
1635 4580 1714 4654 1782
1740 4575 1850 4636 infula
1873 4576 1935 4636 ab·

1102 4699 1226 4761 batiali
1242 4699 1288 4761 sit
1306 4701 1504 4762 decoratus
1529 4698 1602 4761 Sed
1615 4697 1755 4760 sarcina
1766 4698 1855 4757 haec
1869 4696 1935 4758 fuit
2001 4731 2005 4738 ·

1102 4830 1156 4882 tot
1180 4821 1356 4883 aerumnis
1381 4820 1524 4900 inferta,
1554 4829 1592 4881 ut
1619 4826 1701 4898 post
1725 4817 1934 4898 omnigenas

1102 4941 1273 5021 temporis
1285 4941 1439 5022 iniuriaS,
1449 4950 1532 5021 post
1541 4960 1641 5002 suam
1651 4939 1764 5020 ipsius
1776 4958 1934 5001 suorum-

1103 5083 1172 5144 que
1197 5082 1243 5124 ex
1266 5063 1480 5124 monasterio
1503 5061 1723 5142 eiectionem,
1748 5072 1832 5142 post
1848 5080 1934 5122 suae

1104 5185 1336 5265 supellectilis
1354 5183 1477 5246 Sebati
1496 5182 1669 5271 (Schwaz)
1686 5180 1935 5263 conflagratio-

1104 5324 1184 5367 nem
1201 5316 1267 5368 etc.
1290 5306 1430 5367 demum
1447 5326 1468 5366 a
1484 5303 1717 5386 quadriennio
1742 5302 1795 5364 sui
1820 5302 1934 5384 impos

1104 5446 1197 5488 anno
1214 5427 1343 5489 aetatis
1356 5431 1407 5490 115.
1434 5448 1483 5505 29.
1497 5427 1570 5489 Ian.
1589 5430 1668 5488 1815
1682 5423 1821 5486 Merani
1834 5443 1861 5486 s,
1874 5442 1936 5484 ex-
