4252 6112
927 478 1207 548 *535-

193 684 243 741 29.
260 661 347 723 Maii
368 665 446 739 1753
465 663 579 722 abbas
596 668 652 722 est
668 661 812 743 electus,
834 661 891 723 cui
912 660 1025 743 digni-

192 785 271 866 tati,
296 783 439 845 ultimus
466 784 579 844 abbas
604 780 847 864 Ossiacensis,
870 782 1026 864 praefuit

192 927 305 988 usque
322 908 367 968 ad
385 926 515 967 annum
535 909 615 984 1783
622 954 631 986 ,
653 925 723 985 quo
740 924 832 967 anno
848 915 1025 968 monaste·
1064 986 1066 999 Ι

1104 661 1166 723 vit.
1191 662 1261 724 Ast
1276 681 1346 723 non
1363 661 1494 724 diutius
1511 664 1659 725 subesse
1681 664 1745 725 sed
1765 682 1934 744 praeesse

1104 785 1315 845 merebatur.
1333 783 1438 846 Unde
1454 788 1531 846 1802
1544 785 1721 865 parochus
1731 786 1812 846 ads.
1823 785 1933 866 Aegi-

1104 904 1200 966 dium
1216 904 1252 967 in
1269 905 1448 986 suburbio,
1466 903 1716 986 Gumpendors
1734 905 1839 986 dicto,
1861 905 1933 967 fac-

193 1030 282 1091 rium
310 1029 397 1090 illud
422 1028 625 1090 Carinthiae
652 1036 899 1108 pervetustum
927 1027 1025 1090 iussu
1063 1002 1066 1093 l
1104 1035 1171 1107 tus,
1190 1027 1431 1107 quinquennio
1444 1033 1800 1108 postarecens1807
1819 1029 1934 1090 electo

193 1149 418 1232 imperatoris
430 1150 574 1230 Iosephi
588 1150 632 1212 II.
647 1149 843 1212 extinctum
860 1160 924 1212 est.
947 1149 1024 1211 Ro·
1063 1096 1066 1209 l
1104 1149 1236 1209 abbate
1252 1148 1400 1210 Andrea
1421 1149 1545 1210 merito
1566 1149 1663 1229 prior
1686 1148 1876 1211 conventui
1899 1157 1935 1211 et

193 1292 318 1336 manus
354 1272 576 1334 miserandae
609 1271 815 1333 monasterii
850 1271 905 1332 sui
938 1270 1026 1334 sorti
1063 1244 1066 1379 ἶ
1103 1270 1281 1349 parochus
1307 1271 1480 1332 ecclesiae
1502 1270 1707 1332 monasterii
1730 1269 1934 1351 praefectus

195 1394 350 1476 quinque
372 1394 473 1455 annis
495 1402 678 1474 superstes
703 1393 760 1454 die
787 1414 834 1470 19.
855 1393 918 1455 Iul.
944 1397 1024 1470 1788
1063 1382 1066 1460 l
1105 1401 1168 1472 est,
1185 1391 1240 1452 cui
1258 1391 1397 1471 utrique
1415 1391 1549 1453 muneri
1571 1411 1613 1452 ea
1629 1412 1714 1453 cura
1732 1401 1768 1454 et
1784 1392 1933 1454 caritate

193 1515 251 1596 pie
268 1515 484 1577 obdormivit
499 1515 534 1577 in
551 1514 714 1576 Domino
740 1513 909 1595 Scripsit:

280 1642 302 1697 l.
333 1641 475 1717 Epitome
499 1641 710 1716 philosophiae
734 1640 898 1696 rationalis.
931 1637 1025 1695 Salis·

195 1745 293 1821 burgi,
316 1759 406 1818 1749.
424 1751 467 1816 40.

280 1850 318 1905 ΙΙ.
341 1848 561 1905 Praeiudicium
583 1847 620 1903 ad
642 1848 763 1923 regulas
785 1846 1025 1921 logico-criticas

195 1955 375 2030 depositum.
392 1953 468 2010 Ibid.
490 1965 580 2025 1749.
598 1958 641 2024 4⁰.

280 2059 331 2114 ΙΙΙ.
358 2059 540 2133 Principium
562 2056 661 2111 iudicii
679 2057 753 2122 veri,
776 2073 830 2110 seu
847 2055 924 2110 ratio
941 2053 1024 2109 susst-

196 2164 287 2219 eiens.
306 2160 381 2217 Ibid.
403 2174 494 2233 1749.
511 2166 553 2231 4⁰.

281 2267 332 2323 IV.
351 2265 487 2334 Qualitas
504 2261 656 2319 sensibilis
672 2262 847 2318 mechaniee
863 2260 1023 2336 explicata.

195 2368 270 2426 lbid.
292 2382 382 2442 1750.
400 2374 443 2440 4⁰.

281 2475 317 2530 V.
349 2473 568 2530 Commercium
598 2488 710 2545 corpus
737 2471 815 2524 inter
842 2481 872 2524 et
899 2470 1026 2545 animam

196 2578 405 2654 philosophice
422 2594 598 2651 expensum.
617 2573 692 2630 lbid.
714 2586 804 2645 1750.
823 2578 865 2645 4⁰.

280 2723 477 2797 Zwettler
502 2733 746 2794 Theodorus
773 2728 1026 2812 (Scotensis),

194 2853 334 2914 Weitra
347 2852 383 2913 in
397 2850 566 2912 Austriae
584 2848 759 2911 inferioris
774 2848 907 2929 oppido
920 2856 1027 2910 natus

197 2979 225 3037 5.
243 2975 317 3037 Ι1111.
338 2978 419 3052 1759
437 2982 474 3035 et
490 2982 637 3053 propter
653 2990 816 3033 sonoram
828 2971 928 3032 vocis
940 2989 1026 3032 suae

197 3095 420 3157 dulcedinem
438 3094 473 3155 in
490 3067 701 3174 convictum,
719 3112 789 3174 quo
807 3092 953 3154 iuvenes
970 3110 1027 3153 ec·

197 3216 327 3279 clesiae
352 3218 397 3277 ad
424 3213 552 3278 Scotos
580 3222 745 3276 cantores
771 3214 1026 3294 educabantur,

196 3349 251 3401 est
266 3347 443 3419 receptus,
461 3337 511 3399 ita
527 3345 567 3398 ut
579 3336 615 3397 in
630 3336 769 3399 litteras
786 3335 893 3397 etiam
905 3336 1027 3397 huma-

196 3459 312 3521 niores
323 3458 454 3519 ibidem
466 3457 672 3520 incumbere
685 3466 819 3537 posset.
836 3455 914 3518 Hac
927 3456 1027 3537 quin-

196 3582 328 3663 quenni
349 3581 604 3642 consuetudine
628 3589 766 3641 tantum
786 3599 902 3641 rerum
925 3589 961 3641 et
976 3579 1028 3641 in·

196 3705 311 3767 stituti
327 3706 373 3766 ad
391 3702 518 3767 Scotos
535 3701 700 3783 concepit
716 3721 884 3782 amorem,
907 3711 946 3763 ut
966 3703 1028 3763 ab·

196 3826 320 3888 solutis
336 3825 563 3887 laudabiliter
579 3825 614 3886 in
631 3823 724 3886 univ.
738 3823 893 3887 Vindob.
915 3823 1028 3904 philo·

196 3948 342 4030 sophiae
358 3948 485 4010 studiis
498 3948 533 4009 in
547 3947 798 4010 monasterium
812 3947 852 4008 B.
866 3947 914 4007 M.
924 3946 967 4007 V.
981 3946 1027 4008 ad

196 4069 323 4134 Scotos
354 4070 488 4151 suscipi
515 4070 668 4151 supplex
695 4067 806 4131 fieret.
842 4067 948 4129 Unde
976 4071 1026 4129 28.

197 4191 276 4256 Oct.
298 4197 377 4271 1778
402 4193 486 4253 dato
507 4191 632 4254 habitu
652 4191 819 4272 religioso
835 4190 909 4252 voti
931 4192 1027 4252 dam-

196 4325 301 4376 natus
332 4317 361 4374 8.
390 4313 465 4375 Iun.
500 4318 577 4392 1783
611 4312 772 4374 sollemni
801 4312 1027 4374 iureiurando

196 4444 336 4516 tempus
353 4435 389 4496 in
406 4454 508 4496 omne
527 4454 565 4496 se
581 4435 661 4496 Deo
678 4432 906 4514 mancipavit,
928 4432 1028 4495 cuius

198 4567 234 4619 et
258 4560 286 4619 5.
309 4556 387 4619 Oct.
419 4560 497 4633 1783
525 4557 693 4617 sacerdos
717 4563 921 4636 cooptatus,
946 4564 1029 4635 post

198 4681 322 4742 decem
351 4679 427 4741 dies
453 4677 571 4739 hostia
598 4676 748 4758 pacifica
771 4676 850 4739 Deo
877 4676 1029 4758 primum

197 4802 323 4865 litavit.
348 4801 436 4862 Mox
452 4799 556 4862 latior
572 4799 704 4880 agendi
721 4818 869 4880 campus
884 4808 1029 4861 strenuo

199 4922 316 4986 iuveni
333 4921 571 5002 aperiebatur.
600 4920 732 4981 Missus
758 4928 813 4981 est
833 4919 927 4982 enim
949 4939 1030 4982 coo·

198 5054 344 5126 perator
359 5045 394 5106 in
410 5063 535 5106 recens
549 5051 705 5105 creatam
717 5041 923 5123 parochiam
939 5042 985 5102 ad
1002 5060 1029 5103 5.

198 5167 427 5229 Laurentium
452 5166 487 5228 in
510 5185 636 5246 campo
653 5163 841 5228 Scotorum
862 5167 943 5243 1786
965 5162 1031 5225 ibi-

201 5308 270 5369 que
297 5308 363 5370 per
386 5287 541 5349 sedecim
569 5287 755 5349 continuos
779 5305 890 5348 annos
914 5285 1032 5347 omnia

199 5410 354 5472 muneris
370 5409 424 5471 sui
442 5407 559 5471 officia
575 5429 644 5470 una
660 5409 815 5471 omnium
835 5408 941 5470 laude
957 5407 1032 5469 obi-

1104 1531 1169 1593 per
1193 1512 1320 1593 viginti
1348 1514 1603 1593 propemodum
1630 1532 1742 1574 annos
1768 1512 1934 1593 praefuit,

1105 1653 1211 1714 quam
1228 1635 1323 1695 nulla
1339 1632 1501 1714 profecto
1517 1634 1553 1696 in
1570 1634 1696 1696 animis
1710 1643 1934 1715 posterorum

1105 1755 1239 1816 delebit
1256 1755 1398 1817 oblivio.
1422 1755 1508 1816 Vita
1528 1754 1671 1817 functus
1692 1765 1748 1819 est
1769 1761 1819 1818 30.
1837 1756 1933 1837 Aug.

1110 1881 1200 1939 1820.
1231 1878 1446 1939 Persuasum
1474 1878 1611 1940 habens
1634 1877 1688 1939 vir
1710 1877 1935 1960 religiosissi-

1104 2019 1192 2081 mus,
1209 1999 1377 2061 musicam
1394 2019 1531 2061 sacram
1554 1998 1838 2062 efficacissimum
1860 2000 1935 2081 pie·

1105 2121 1189 2184 tatis
1207 2121 1401 2184 communis
1411 2140 1493 2183 esse
1506 2121 1785 2203 incitamentum,
1797 2142 1868 2184 non
1880 2141 1936 2183 so-

1104 2244 1176 2305 lum
1193 2242 1366 2324 quidquid
1386 2245 1453 2305 hac
1477 2243 1571 2305 inre
1592 2244 1814 2323 praeclarum
1840 2250 1936 2305 esset

1105 2374 1213 2446 atque
1238 2365 1418 2427 excellens
1442 2365 1682 2446 comparavit,
1710 2366 1774 2427 sed
1798 2373 1835 2427 et
1858 2364 1935 2445 ipse

1105 2486 1156 2548 rei
1173 2487 1328 2548 musicae
1345 2505 1553 2568 pergnarus,
1575 2486 1740 2568 cognitor
1756 2487 1936 2566 iudexque

1106 2607 1332 2669 acutissimus
1348 2608 1477 2669 multos
1490 2609 1616 2669 modos
1628 2607 1782 2670 musicos
1794 2607 1937 2689 reliquit

1105 2748 1210 2790 manu
1224 2730 1387 2811 scriptos,
1402 2748 1549 2809 quorum
1561 2731 1630 2791 duo
1642 2730 1814 2812 ,Tantum
1827 2729 1934 2812 ergo“

1106 2851 1204 2932 typis
1221 2852 1436 2913 demandata
1452 2861 1550 2913 sunt:

1193 2996 1273 3050 Zwei
1290 2994 1422 3049 ‘l‘antum
1440 3011 1515 3066 ergo
1534 2993 1580 3048 fiir
1596 2991 1716 3068 Sopran
1736 2992 1796 3048 und
1812 2993 1864 3049 Alt
1885 2995 1937 3049 mit

1106 3097 1286 3172 Begleitung
1302 3097 1356 3153 der
1373 3097 1477 3172 Orgel.
1500 3112 1511 3151 1
1531 3097 1590 3153 vol.
1608 3097 1633 3151 F
1635 3097 1674 3153 ol.
1692 3098 1836 3161 Viennae.
1855 3097 1936 3173 apud

1106 3202 1176 3258 Ant.
1194 3199 1325 3257 Diabelli
1342 3214 1372 3257 et
1389 3201 1495 3275 Comp.
1513 3201 1694 3275 Eigenthum
1710 3200 1764 3257 der
1779 3201 1935 3276 Verleger.

1106 3305 1314 3379 Eingetragen
1331 3307 1360 3360 in
1376 3305 1430 3361 das
1442 3304 1555 3360 Archiv
1571 3303 1625 3360 der
1640 3307 1828 3379 vereinigten
1843 3306 1936 3361 Musi-

1106 3409 1358 3482 kalienverleger.

1192 3572 1383 3668 Zwyssig
1395 3581 1605 3651 ¹(ieroldus
1619 3581 1862 3664 (Murensis),
1876 3602 1937 3644 na-

1107 3710 1165 3763 tus
1182 3711 1237 3763 est
1260 3701 1295 3762 in
1312 3701 1436 3762 Bauen
1460 3699 1495 3761 in
1512 3698 1647 3761 Urania
1666 3698 1855 3760 Helvetiae
1879 3697 1937 3760 die

1111 3828 1158 3888 15.
1175 3823 1262 3885 Maii
1282 3829 1374 3903 1807,
1391 3820 1620 3883 sollemnibus
1636 3820 1729 3882 votis
1745 3839 1784 3882 se
1801 3820 1937 3901 obliga-

1107 3946 1158 4007 vit
1175 3945 1232 4007 die
1254 3966 1277 4006 1.
1288 3943 1374 4005 Maii
1388 3947 1466 4005 1825
1482 3954 1517 4004 et
1531 3941 1769 4004 sacerdotium
1782 3941 1938 4003 obtinuit

1108 4067 1164 4129 die
1181 4089 1211 4144 4.
1227 4066 1332 4128 Mart.
1354 4070 1444 4127 1832.
1468 4064 1551 4126 Fuit
1567 4064 1719 4126 musices
1735 4063 1937 4144 instructor,

1107 4190 1332 4271 organoedus
1346 4196 1382 4250 et
1395 4206 1607 4268 organorum
1617 4195 1849 4267 constructor,
1857 4205 1939 4267 pro-

1107 4311 1223 4373 fessor
1239 4309 1466 4372 scientiarum
1482 4308 1705 4371 naturalium.
1735 4306 1938 4388 Suppresso

1108 4432 1322 4494 monasterio
1349 4431 1386 4492 in
1410 4431 1583 4492 coenobio
1607 4428 1854 4511 Fischingensi
1878 4429 1939 4489 do·

1108 4553 1190 4633 cuit,
1208 4553 1290 4614 dein
1311 4558 1388 4630 1847
1407 4551 1443 4613 in
1458 4571 1555 4632 pago
1572 4550 1802 4631 Ermatingen
1819 4568 1939 4611 curam

1109 4675 1303 4737 animarum
1325 4674 1499 4754 exercuit,
1531 4677 1612 4735 1850
1631 4672 1730 4734 venit
1750 4674 1796 4734 ad
1819 4691 1940 4733 mona-

1109 4796 1255 4858 sterium
1269 4794 1374 4858 Gries
1387 4805 1568 4874 tamquam
1585 4794 1746 4874 capellae
1758 4793 1939 4875 magister,

1109 4938 1202 4981 anno
1219 4937 1304 4980 vero
1325 4917 1526 4997 insequenti
1548 4915 1783 4996 capellaniam
1803 4915 1839 4976 in
1856 4911 1940 4977 Gla-

1109 5039 1198 5120 ning
1218 5058 1331 5120 prope
1354 5035 1458 5100 Gries
1482 5036 1644 5116 obtinuit,
1668 5035 1729 5098 ubi
1754 5035 1880 5098 studiis
1905 5046 1942 5097 et

1111 5159 1333 5223 instructioni
1348 5158 1521 5221 iuniorum
1531 5157 1747 5220 confratrum
1758 5157 1794 5221 in
1806 5158 1942 5220 musica

1112 5291 1148 5344 et
1163 5283 1268 5362 pulsu
1289 5280 1414 5361 organi
1436 5279 1578 5341 deditus
1597 5279 1707 5340 vitam
1731 5279 1860 5342 clausit
1884 5278 1941 5339 die

1116 5410 1164 5469 16.
1174 5403 1263 5465 Nov.
1282 5407 1373 5482 1874.
1397 5401 1481 5462 Eius
1495 5399 1645 5462 scientia
1660 5411 1697 5462 et
1713 5400 1836 5482 praxis
1851 5399 1888 5462 in
1903 5417 1941 5459 re
