4222 6106
910 547 951 555 -
997 508 1124 571 LXXI
1170 546 1218 555 —-

188 739 351 821 amplexi
374 741 605 820 presbyteros
629 737 785 800 iuniores
802 737 1061 816 Vindobonam,
1078 736 1243 818 Pragam,
1261 734 1460 815 Graecium,
1479 734 1729 816 Oenipontum,
1747 735 1930 798 Pestinum

189 879 374 959 miserunt,
400 890 438 940 ut
460 876 588 940 litteris
612 876 700 938 satis
724 875 856 938 exculti
880 876 1024 957 publica
1049 876 1083 936 in
1108 875 1259 937 docendi
1289 894 1432 937 munere
1460 874 1672 938 auctoritate
1702 875 1928 936 munirentur.

189 1016 392 1100 Gymnasia
422 1035 543 1078 eorum
576 1015 757 1097 complura
789 1023 849 1076 aut
877 1015 1018 1076 sublata
1047 1025 1145 1095 sunt,
1178 1024 1216 1076 ut
1248 1014 1558 1094 ludenburgense,
1594 1024 1655 1075 aut
1686 1013 1720 1075 in
1751 1013 1929 1094 publicam

188 1154 536 1218 administrationem
567 1153 750 1232 abierunt,
785 1165 823 1214 ut
851 1151 1085 1233 Graeciense,
1117 1150 1408 1234 Salisburgense,
1440 1151 1752 1234 Clagenfurtense;
1787 1163 1931 1215 exstant

187 1294 419 1379 gymnasium
451 1292 638 1357 Scotorum
669 1291 1016 1372 Vindobonensium,
1048 1289 1271 1370 Mellicense,
1304 1289 1617 1373 Seitenstettense,
1653 1290 1928 1373 Cremifanense,

189 1433 418 1514 Meranense,
429 1433 647 1512 Braunense‚
661 1431 876 1510 laurinense,
891 1427 1141 1511 Soproniense,
1156 1428 1412 1512 Strigoniense,
1423 1429 1621 1511 Ginsiense,
1632 1430 1928 1512 Comaromiense,

187 1573 374 1653 Papense;
399 1571 587 1654 gymnasia
611 1569 776 1632 inferiora
800 1580 881 1631 sunt
905 1569 1099 1649 Admontii,
1125 1588 1151 1632 s
1169 1568 1350 1631 Lamberti
1373 1569 1408 1631 in
1433 1567 1550 1649 Stiria,
1575 1590 1601 1631 s.
1619 1569 1722 1631 Pauli
1746 1568 1782 1631 in
1806 1569 1928 1631 Carin-

185 1712 280 1773 thia.
315 1710 355 1772 In
379 1710 508 1772 ceteris
532 1708 754 1771 monasteriis
771 1708 881 1789 pueri,
904 1708 963 1789 qui
981 1719 1106 1771 cantus
1123 1728 1231 1770 causa
1248 1709 1397 1788 aluntur,
1419 1709 1532 1789 prima
1553 1709 1729 1792 gymnasii
1753 1709 1928 1771 elementa

186 1851 378 1911 docentur.
414 1847 480 1913 Sat
495 1848 593 1910 multi
611 1856 693 1910 sunt
708 1847 944 1926 Benedictini,
962 1847 1021 1928 qui
1039 1846 1073 1909 in
1090 1846 1381 1909 universitatibus
1399 1858 1460 1910 aut
1476 1848 1510 1909 in
1527 1867 1715 1929 puerorum
1732 1846 1928 1910 seminariis

185 1988 472 2069 episcopalibus,
496 1998 535 2049 ut
558 1986 593 2048 in
617 1987 834 2049 Borromaeo
858 1983 1067 2067 Salisburgi,
1093 1986 1244 2047 docendi
1267 2005 1411 2048 munere
1435 1985 1640 2068 funguntur.

329 2126 498 2188 Necnon
522 2146 586 2188 eae
610 2126 764 2206 scholae,
789 2144 879 2205 quas
902 2135 1032 2187 vocant
1057 2125 1265 2206 populares,
1295 2124 1538 2187 Benedictinis
1563 2145 1667 2186 curae
1689 2124 1842 2188 fuerunt.
1887 2126 1928 2188 In

183 2266 356 2348 plurimis
389 2265 482 2327 enim
512 2265 735 2327 monasteriis
769 2265 946 2327 exstincto
979 2265 1269 2344 protestantismo
1300 2276 1443 2346 praeter
1474 2266 1614 2327 scholas
1642 2264 1788 2327 Latinas
1817 2264 1928 2327 fuisse

183 2415 337 2467 constat
361 2423 432 2484 eaS,
457 2403 493 2465 in
517 2403 645 2484 quibus
667 2403 828 2484 magistri
852 2403 932 2465 laici
955 2405 1119 2465 mercede
1148 2424 1167 2465 e
1195 2403 1419 2466 monasteriis
1448 2404 1564 2466 soluta
1591 2422 1721 2484 pueros
1749 2404 1927 2467 docerent.

183 2543 362 2606 Laetiore
391 2562 476 2605 vero
509 2561 677 2605 successu
707 2543 774 2605 hae
806 2543 948 2605 scholae
980 2541 1106 2605 florere
1138 2551 1332 2624 coeperunt
1356 2543 1468 2605 Maria
1493 2543 1662 2605 Theresia
1693 2543 1926 2625 imperatrice,

184 2701 304 2763 quam
327 2681 452 2743 merito
477 2700 595 2743 earum
620 2681 855 2743 fundatricem
880 2681 915 2743 in
940 2681 1088 2744 Austria
1111 2682 1341 2744 nominamus
1388 2681 1487 2762 Quae
1512 2693 1550 2745 ut
1575 2683 1776 2763 exemplum
1800 2701 1929 2764 propo-

184 2829 309 2901 neret,
333 2839 403 2901 quo
428 2821 570 2882 scholae
594 2822 838 2903 conderentur,
862 2841 955 2884 anno
977 2841 1053 2900 1771
1081 2824 1126 2883 ad
1144 2842 1169 2883 s.
1189 2823 1317 2884 Annae
1333 2822 1569 2884 Vindobonae
1594 2823 1749 2885 scholam
1773 2823 1927 2886 instituit

183 2972 306 3040 atque
329 2959 498 3021 Ioannem
522 2960 698 3041 Ignatium
723 2962 767 3022 de
791 2961 819 3023 F
823 2961 973 3043 elbiger,
1003 2961 1245 3042 praepositum
1269 2961 1473 3024 monasterii
1498 2960 1716 3042 Saganensis
1740 2961 1775 3023 in
1800 2960 1928 3024 Silesia

183 3084 435 3179 Borussiensi,
452 3098 566 3161 virum
583 3099 823 3181 clarissimum,
840 3100 969 3163 accivit
986 3120 1136 3182 eumque
1152 3101 1324 3163 rationem
1342 3101 1538 3162 scholarum
1554 3103 1600 3161 ab
1617 3102 1695 3181 ipso
1712 3100 1928 3182 descriptam

183 3239 239 3299 ad
266 3235 432 3299 effectum
457 3238 633 3300 adducere
657 3238 769 3301 iussit.
804 3236 1007 3302 Secundum
1032 3258 1109 3301 eam
1134 3239 1276 3301 scholae
1300 3249 1484 3301 erantaut
1508 3238 1695 3320 primariae
1720 3249 1781 3301 aut
1805 3258 1928 3301 secun-

184 3375 319 3438 dariae
344 3376 494 3457 (Haupt-
510 3378 581 3439 und
597 3377 901 3459 Trivialschulen),
925 3398 1072 3459 quarum
1096 3379 1229 3440 alterae
1253 3378 1287 3440 in
1312 3378 1454 3459 oppidis
1478 3378 1628 3459 aliisque
1651 3377 1738 3440 locis
1761 3377 1927 3459 frequen-

186 3514 363 3597 tioribus
388 3517 521 3579 alterae
544 3518 579 3578 in
604 3518 780 3598 parochiis
806 3518 1122 3581 constituebantur.
1734 3495 1738 3504 Ι

328 3654 563 3736 Benedictini,
588 3676 679 3736 quae
704 3659 747 3718 de
771 3660 877 3718 rebus
902 3657 1122 3719 scholasticis
1146 3657 1264 3719 edicta
1287 3668 1397 3736 erant,
1422 3657 1497 3718 sine
1515 3676 1612 3718 mora
1629 3667 1868 3737 exsequentes
1893 3656 1927 3719 in

186 3793 374 3874 parochiis
398 3804 434 3855 et
458 3794 670 3856 stationibus
694 3795 966 3877 parochialibus,
992 3815 1083 3876 quae
1107 3795 1328 3857 monasteriis
1353 3807 1453 3857 erant
1469 3795 1667 3875 adiunctae,
1692 3798 1800 3857 aedes
1825 3796 1928 3857 scho-

185 3931 310 3992 larum
332 3930 610 3995 aedificaverunt
634 3944 669 3995 et
693 3933 871 4015 magistris
894 3935 1093 3996 mercedem
1117 3935 1308 3997 solverunt.
1348 3933 1469 4014 Atque
1493 3937 1662 3996 abbatum
1686 3934 1836 4016 plurimi,
1862 3934 1924 3996 im-

192 4069 319 4148 primis
343 4068 584 4134 Ehrenbertus
606 4071 668 4135 III.
702 4071 976 4135 Cremifanensis
1008 4073 1155 4153 eiusque
1187 4074 1390 4153 exemplum
1422 4073 1534 4136 secuti
1558 4072 1746 4135 Mathaeus
1771 4073 1929 4135 Admon-

198 4206 310 4267 tensis
327 4183 577 4291 (1751-1779l,
596 4210 759 4272 Andreas
776 4211 1028 4274 Lambacensis
1047 4214 1295 4294 (1746-1794),
1319 4212 1475 4293 Maurus,
1494 4214 1664 4275 abbatum
1682 4210 1927 4275 Garstensium

204 4343 342 4408 ultimus
366 4349 618 4430 (1764—1786),
643 4348 811 4412 Urbanus
828 4351 870 4413 ll.
888 4351 1106 4413 Mellicensis
1124 4353 1372 4433 (1703—1785),
1396 4351 1602 4413 Dominicus
1620 4350 1929 4418 Seitenstettensis

212 4479 455 4566 (ipo—1777),
490 4486 645 4569 Magnus
679 4486 923 4552 Gottvicensis
959 4492 1223 4571 (1769—1783),
1258 4489 1334 4569 alii,
1370 4490 1487 4553 edicto
1522 4489 1757 4572 imperatricis
1791 4489 1927 4552 Mariae

218 4614 390 4687 Tberesiae
415 4645 508 4688 anno
536 4629 617 4705 1780
641 4627 736 4690 edito
760 4628 1169 4691 clericosVindobonam
1186 4631 1231 4691 ad
1248 4648 1274 4690 s.
1291 4630 1417 4691 Annae
1441 4629 1620 4710 miserunt,
1645 4641 1684 4691 ut
1701 4629 1729 4691 F
1733 4628 1928 4709 elbigerum

218 4749 257 4811 de
274 4771 342 4825 arte
365 4765 541 4827 educandi
565 4767 704 4828 scholas
727 4767 917 4830 habentem
942 4768 1115 4848 audirent,
1141 4787 1228 4849 quas
1252 4787 1331 4830 cum
1356 4769 1510 4847 aperiret
1526 4769 1580 4830 vir
1603 4768 1637 4830 in
1661 4770 1767 4829 rebus
1791 4765 1927 4828 schola·

213 4888 302 4961 sticis
323 4903 535 4966 clarissimus
559 4905 647 4967 haec
671 4907 782 4969 edidit
805 4909 932 4968 verba:
966 4907 1053 4987 „Die
1077 4906 1226 4969 Klbster
1249 4907 1415 4986 kdnnen,
1437 4926 1539 4968 wenn
1569 4906 1620 4968 sie
1643 4905 1788 4985 wollen,
1817 4904 1927 4967 durch

206 5013 323 5101 ¹'mmor
342 5041 595 5106 fortdauemde
619 5043 917 5128 Ueberlieferung
940 5048 1003 5108 der
1025 5057 1136 5128 guten
1154 5044 1376 5132 Grundsatze
1399 5066 1444 5107 an
1469 5046 1526 5107 die
1550 5045 1796 5108 eintretenden
1812 5063 1928 5107 neuen

204 5151 347 5242 Gli‘eder
369 5182 489 5243 solche
512 5202 582 5245 von
606 5181 820 5246 Geschlecht
843 5205 884 5247 zu
909 5182 1138 5266 Geschlecht,
1168 5186 1254 5247 oder
1277 5184 1447 5247 vielmehr
1470 5203 1540 5246 von
1564 5183 1678 5245 einem
1702 5182 1927 5265 Zeitpunkte,

201 5309 273 5369 ‘¹0¹¹
299 5319 406 5383 einem
430 5321 691 5400 Jahrhunderte
716 5342 792 5384 zum
817 5324 951 5385 andern
974 5298 1217 5402 fortpflanzen.
1265 5321 1377 5386 Sollte
1408 5333 1500 5385 etwa
1527 5322 1590 5385 mit
1618 5323 1681 5384 der
1704 5321 1780 5384 Zeit
1807 5323 1864 5384 die
1888 5341 1927 5384 so

205 5440 357 5522 miihsam
380 5481 420 5523 zu
444 5460 580 5527 Stande
604 5464 800 5546 gebrachte
817 5461 1191 5546 Schulverbesserung
1208 5463 1243 5525 in
1260 5431 1397 5525 Verfall
1413 5463 1499 5524 oder
1514 5482 1580 5544 gar
1596 5461 1631 5524 in
1647 5461 1927 5545 Vergessenheit
