4222 6106
880 113 1135 182 -31-

114 341 219 385 cum
234 321 336 382 laude
353 319 484 401 docuit,
500 318 667 400 privatim
679 337 765 380 vero
781 317 967 399 religiosos
1048 316 1239 379 naurieden
1276 315 1462 378 anterioris
1498 316 1676 396 quondam
1707 313 1877 376 Austriae

1048 462 1077 516 4.
1106 435 1185 500 Oct.
1218 441 1308 516 1782.
1344 437 1430 499 Erat
1460 436 1623 517 proxima
1649 435 1730 498 vico
1760 435 1878 516 patrio

1048 559 1194 624 abbatia
1221 558 1257 623 S.
1284 560 1324 622 P.
1352 559 1393 622 N.
1423 558 1628 639 Benedicti,
1656 557 1877 640 wiblingen,

1048 703 1160 765 prope
1182 682 1332 764 Ulmam,
1358 683 1392 744 in
1414 702 1484 763 qua
1509 702 1534 743 1.
1553 681 1652 762 Sept.
1679 684 1753 742 1801
1778 679 1878 742 habi-

109 441 362 510 convictores
385 440 546 522 aliosque
569 439 604 503 in
626 438 748 521 lingua
769 438 910 502 Graeca
932 450 968 502 et

107 564 277 634 Gallica
292 562 472 644 instruxit,
493 572 529 624 et
549 561 585 623 in
605 561 800 623 cathedrali
817 559 969 623 ecclesia

105 693 176 756 de
198 695 376 768 suggestu
387 684 579 746 vernacula
593 682 726 765 lingua,
743 683 778 745 in
795 683 876 745 aula
889 702 968 744 aca-

103 807 276 879 demica
299 817 338 869 ut
361 823 509 886 praeses
530 803 819 887 congregationis
839 804 969 867 Maria·
1048 818 1122 868 tum
1146 814 1307 867 sanctum
1331 804 1481 885 accepit.
1506 803 1695 865 Professus
1719 824 1766 866 11.
1787 802 1877 863 Nov.

103 949 205 1003 nae
220 928 349 991 Latina
371 927 579 1009 saepissime
601 947 680 990 cum
700 928 806 988 laude
827 946 968 1009 perora·
1054 933 1144 1010 1804,
1168 929 1336 989 sacerdos
1360 925 1544 987 ordinatus
1568 936 1624 987 est
1648 923 1878 987 Constantiae

109 1056 201 1124 vit.
225 1049 447 1114 Consecutus
471 1063 526 1111 est
552 1052 703 1132 gradum
727 1050 969 1111 academicum
1051 1071 1100 1111 21.
1119 1054 1199 1111 Dec.
1222 1054 1310 1109 1805.
1331 1048 1500 1109 Proximo
1517 1066 1619 1128 anno,
1637 1067 1715 1109 cum
1732 1046 1880 1109 abbatia

110 1205 154 1247 s.
174 1173 385 1255 theologiae
401 1172 567 1254 doctoris,
584 1171 874 1253 archiepiscopus
890 1189 969 1231 eum
1050 1184 1105 1234 sat
1122 1173 1291 1251 opulenta
1303 1169 1498 1232 victoribus
1511 1171 1645 1250 praeda
1662 1170 1840 1250 cessisset,
1857 1189 1879 1231 a

112 1293 274 1375 recepit
289 1293 382 1356 inter
394 1312 478 1356 suos
491 1293 722 1374 consiliarios,
735 1304 771 1355 et
783 1311 875 1354 anno
889 1310 969 1369 1749
1049 1293 1222 1376 regimine
1239 1293 1416 1356 austriaco
1437 1292 1613 1373 religiosis
1635 1293 1793 1355 oblatum
1813 1303 1879 1374 est,

115 1427 219 1489 erat
230 1417 386 1479 decanus
398 1414 580 1478 facultatis
591 1414 826 1498 theologicae.
842 1412 970 1475 Elabo-
1051 1427 1098 1498 ut,
1113 1426 1285 1498 quotquot
1298 1417 1441 1495 vellent,
1455 1415 1489 1476 in
1503 1412 1676 1476 Galiciam
1689 1413 1880 1477 transirent

117 1536 235 1613 ravit
245 1538 426 1600 historiam
435 1536 676 1600 universitatis
686 1533 970 1615 Salisburgensis
1051 1550 1087 1600 et
1103 1537 1295 1615 abbatiam,
1308 1536 1455 1619 Tynieci
1471 1536 1612 1597 nomine
1627 1554 1739 1616 prope
1753 1533 1879 1597 Craco·

124 1680 237 1732 anno
256 1665 332 1739 1617
356 1659 539 1741 fundatae,
562 1669 599 1721 et
620 1658 655 1720 in
676 1656 835 1720 sollemni
860 1656 970 1718 mille·

129 1783 245 1855 nario
272 1782 528 1845 Lunaelacensi
562 1780 729 1843 festivam
765 1779 969 1842 concionem

134 1906 267 1974 habuit
282 1925 359 1969 cum
375 1904 455 1967 aliis
470 1903 568 1986 typis
589 1902 799 1983 impressam
818 1901 853 1962 in
870 1900 970 1962 Man·

141 2032 239 2093 tissa
257 2026 406 2090 chronici
421 2025 700 2089 Lunaelacensis
720 2043 810 2102 1749.
834 2022 898 2084 Vir
921 2023 970 2083 la-

148 2147 316 2232 boriosus,
332 2168 412 2211 cum
429 2150 551 2211 oblata
563 2147 631 2209 sibi
647 2145 766 2208 munia
779 2158 815 2208 et
830 2146 971 2205 labores

154 2290 306 2334 recusare
332 2291 403 2334 non
426 2271 550 2352 vellet,
578 2268 621 2331 iis
644 2267 787 2330 nimium
812 2269 971 2347 obrutus,

157 2392 433 2472 hypochondriae
449 2394 573 2454 morbo
588 2391 736 2452 multum
753 2388 875 2450 vexari
893 2407 972 2449 coe·
1010 2404 1013 2415 ·

158 2510 228 2594 pit,
247 2528 277 2578 et
301 2514 512 2597 Salisburgo
543 2514 683 2575 domurn
714 2510 835 2591 rediit,
864 2510 971 2592 paulo

73 2694 78 2699 .
156 2645 235 2705 Post
258 2635 527 2719 Wislighofensi
564 2633 834 2715 praepositurae
870 2650 972 2714 prae-

1050 1659 1154 1741 viam,
1164 1659 1277 1721 amice
1290 1678 1369 1721 cum
1382 1657 1540 1739 pristinis
1553 1655 1729 1738 indigenis
1742 1656 1880 1720 habita-

1050 1782 1186 1844 toribus
1199 1781 1402 1844 incolerent.
1414 1782 1566 1843 Iuvenes
1577 1778 1774 1860 Alemanni,
1784 1780 1879 1860 quod

1051 1904 1208 1966 oblatum
1232 1915 1296 1984 est,
1320 1902 1479 1965 studiose
1503 1901 1658 1983 amplexi
1680 1912 1760 1963 sunt
1783 1910 1820 1962 et
1839 1901 1878 1963 P.

1051 2026 1226 2088 Henricus
1244 2045 1323 2088 cum
1339 2025 1456 2088 multis
1472 2023 1641 2086 fratribus
1659 2028 1738 2085 1800
1752 2023 1881 2106 Tynie·

1051 2147 1144 2210 cium
1157 2147 1338 2229 profectus
1351 2159 1416 2229 est,
1433 2150 1526 2209 unde
1540 2146 1659 2209 statim
1673 2145 1880 2209 Cracoviam

1052 2281 1107 2332 est
1123 2270 1260 2351 missuS,
1278 2270 1435 2351 linguam
1453 2268 1615 2331 Latinam
1638 2269 1671 2330 in
1692 2267 1881 2352 gymnasio

1052 2391 1257 2453 academico
1279 2391 1425 2454 iuvenes
1442 2393 1620 2453 docturus.
1646 2390 1718 2453 Sed
1735 2410 1814 2452 cum
1831 2390 1881 2451 in-

1053 2515 1096 2574 de
1108 2508 1249 2593 quoque
1259 2514 1353 2574 bello
1362 2512 1490 2574 fratres
1500 2513 1772 2593 expellerentur,
1782 2511 1881 2574 multi

1053 2655 1172 2696 eorum
1189 2635 1223 2696 in
1241 2635 1422 2699 Austriam
1439 2634 1582 2715 reversi,
1605 2654 1688 2715 pars
1708 2634 1882 2717 theologi-

154 2742 260 2819 fectus
282 2770 355 2841 est,
382 2757 445 2820 ubi
468 2777 506 2818 se
534 2755 720 2839 egregium
743 2773 973 2815 oeconomum
1011 2834 1014 2841 ⁴
1054 2756 1105 2818 cis
1118 2756 1151 2818 in
1166 2756 1258 2818 univ.
1269 2756 1424 2818 Vindob.
1438 2754 1653 2836 magisteriis
1666 2754 1776 2817 functi
1789 2767 1881 2836 sunt,

148 2880 364 2963 monstravit,
389 2888 618 2942 accrescente
641 2896 727 2939 vero
749 2877 842 2937 malo
863 2874 972 2936 vitam
1011 2856 1015 2995 i
1054 2877 1113 2938 alii
1129 2877 1207 2939 aliis
1224 2877 1257 2939 in
1275 2877 1508 2959 monasteriis,
1530 2876 1707 2939 Henricus
1728 2877 1761 2938 in
1783 2897 1882 2939 asce-

142 2998 323 3065 ffl0rta1em
338 3003 389 3064 ibi
407 3000 574 3081 deposuit
590 2999 647 3061 die
665 3020 715 3076 21).
732 2997 818 3060 Maii
840 3001 929 3076 1755.
1012 3002 1015 3093 i
1054 2999 1143 3061 terio
1160 2999 1201 3060 B.
1218 2999 1265 3061 M.
1283 3000 1325 3060 V.
1348 3001 1393 3060 ad
1411 2997 1539 3061 Scotos
1555 2998 1717 3061 Viennae
1739 3020 1789 3077 24·
1806 3000 1881 3060 Iun.

226 3120 443 3206 Sequuntur,
466 3141 558 3204 quae
574 3120 671 3204 typis
688 3139 860 3202 expressa
877 3130 973 3182 sunt:

224 3247 249 3308 1.
266 3252 404 3308 Historia
421 3249 518 3305 almae
530 3263 560 3305 et
572 3246 844 3323 archiepiscopalis
855 3248 975 3302 univer·

128 3329 236 3409 sitatis
253 3353 498 3429 Salisburgensis
514 3351 570 3409 sub
588 3370 660 3408 cura
675 3366 792 3428 patrum
807 3350 974 3406 Benedicti-

125 3436 255 3516 norum·
272 3457 437 3524 Bondorfri,
459 3455 551 3531 1728.

124 3759 200 3832 ¹²²0
231 3790 288 3846 des
316 3789 410 3844 uralt·
436 3787 496 3843 und
524 3785 756 3843 hochldblichen
783 3784 889 3841 Stiftes
916 3783 974 3839 und

127 3866 279 3949 Klosters
293 3893 429 3957 Menoec,
447 3891 561 3947 ordinis
574 3910 598 3946 e.
612 3889 774 3956 benedicti,
793 3888 851 3944 den
868 3904 892 3944 1.
907 3889 975 3961 'l‘ag

132 3968 286 4054 Octobriti
310 4010 517 4070 vorgetragen
537 4013 597 4050 von
618 3994 775 4070 plurimum
797 3992 974 4057 reverend0,

137 4082 371 4166 religlosissimo
395 4118 432 4156 ac
456 4098 624 4155 clarissimo
650 4099 681 4155 P.
704 4098 843 4153 Romano
869 4097 974 4165 Endel,

143 4192 316 4282 principalis
333 4206 509 4261 monasterii
532 4203 570 4259 ad
591 4221 616 4258 s.
634 4203 763 4258 Blasium
780 4201 932 4278 professo,
950 4222 974 4257 s.
1013 4192 1016 4215 ²

151 4288 314 4385 lhtologiae
342 4309 471 4365 doctore
498 4320 529 4364 et
556 4306 688 4363 eiusdem
721 4307 749 4360 in
779 4307 975 4362 universitate

71 4402 73 4413 '
159 4389 367 4489 burburgensi
389 4410 777 4485 scholastico-dogmaticos
798 4409 975 4486 professore
1013 4416 1016 4477 ξ

168 4506 305 4587 ordinario,
330 4514 577 4574 reverendissimi
602 4516 748 4590 principis
772 4527 802 4569 et
826 4513 974 4589 archiepi·
1013 4520 1015 4565 Ι

73 4690 78 4697 Ι
172 4620 482 4696 aopisalisburgensis
492 4618 666 4676 consiliario
681 4618 899 4674 ecclesiastico
910 4615 972 4694 (ie.

71 4720 80 4819 ᾧ
174 4714 252 4781 Oratio
270 4727 457 4802 panegyrica
476 4722 601 4779 infesto
619 4720 737 4777 iubilaei
759 4741 837 4778 111011.
854 4721 974 4777 Lunae·

71 4837 75 4919 J
172 4821 292 4909 lacensis.)

229 4940 972 5034 EnderleHenricus(Scotensis-Ex·

162 5064 475 5153 wiblingensis),
498 5082 599 5139 natus
610 5081 678 5198 ⁸est
698 5069 734 5130 in
750 5068 884 5149 oppido
899 5066 972 5130 Do-

1059 3126 1135 3183 1811
1163 3121 1346 3204 professus
1370 3141 1523 3202 moxque
1548 3120 1583 3182 in
1606 3120 1810 3201 parochiam
1837 3121 1882 3180 ad

1054 3264 1080 3305 s.
1098 3243 1305 3305 Udalricum
1329 3245 1569 3305 suburbanam
1595 3250 1806 3322 cooperator
1829 3251 1883 3303 est

1013 3396 1015 3459 ζ
1053 3365 1192 3426 missus.
1215 3364 1284 3426 Die
1307 3386 1356 3442 29.
1374 3363 1453 3426 Oct.
1476 3368 1555 3424 1818
1577 3364 1616 3424 P.
1633 3363 1781 3425 Urbano
1802 3365 1884 3424 sub·

223 3577 253 3637 H
287 3578 521 3655 Tamendffltig
545 3591 712 3653 gesegnete
734 3575 875 3633 Rebecca
910 3577 928 3631 d
956 3577 963 3631 i
987 3464 1015 3583 l
1054 3486 1149 3567 prior
1181 3498 1217 3549 et
1247 3485 1458 3548 novitiorum
1495 3485 1666 3567 magister
1701 3483 1883 3547 successit.

257 3623 264 3638 ·
878 3618 885 3645 ,
932 3618 938 3631 .
967 3618 974 3631 .

124 3655 212 3725 Ehf·
231 3685 292 3741 und
311 3682 455 3740 Lobrede
476 3686 505 3739 in
528 3683 595 3739 dem
618 3681 880 3756 tausendjtlhrigen
896 3678 976 3735 lubi·

1054 3607 1193 3689 Quibus
1213 3607 1416 3670 muneribus
1434 3606 1611 3669 abdicatis
1627 3625 1719 3668 anno
1741 3610 1821 3683 1824
1837 3608 1883 3667 ad

1054 3730 1257 3810 parochiam
1267 3730 1301 3791 in
1309 3723 1558 3791 Waitzendorf
1564 3727 1740 3809 migravit.
1750 3727 1882 3789 Verum

1013 3920 1015 3943 i
1055 3850 1217 3932 proximo
1234 3870 1327 3913 anno
1343 3850 1472 3912 seniori
1489 3848 1763 3912 administratori
1781 3867 1883 3929 paro·

1055 3973 1155 4035 chiae
1179 3975 1224 4035 ad
1247 3993 1273 4034 s,
1297 3971 1502 4034 Udalricum
1526 3971 1714 4033 adiunctus
1738 3981 1802 4051 est,
1827 3969 1883 4031 cui

1055 4094 1224 4157 defuncto
1252 4098 1331 4156 1828
1358 4095 1534 4175 parochus
1558 4092 1739 4154 successit.
1771 4091 1883 4153 Paulo

1055 4228 1138 4296 post
1150 4237 1235 4278 vero
1253 4221 1333 4290 1830
1349 4216 1525 4296 parochus
1542 4213 1750 4295 designatus
1768 4224 1822 4275 est
1837 4215 1883 4274 ad

1055 4359 1081 4400 s
1099 4337 1326 4400 Laurentium
1349 4337 1383 4398 in
1400 4336 1689 4397 Hoebersbrunn.
1714 4335 1882 4415 Ingrave-

1055 4471 1176 4521 scente
1199 4477 1268 4521 non
1292 4470 1364 4520 tam
1385 4468 1515 4537 aetate,
1541 4476 1645 4537 quam
1670 4453 1882 4534 infirmitate,

1054 4579 1380 4663 praecipueauditu
1391 4577 1578 4641 deficiente
1589 4574 1882 4639 inmonasterium

1053 4704 1165 4764 redux
1183 4701 1231 4763 ibi
1247 4700 1423 4763 habitavit
1438 4702 1553 4762 laetus
1574 4709 1610 4760 et
1629 4696 1750 4760 hilaris
1766 4695 1882 4758 animo

1053 4844 1164 4906 usque
1193 4826 1238 4885 ad
1267 4829 1317 4887 28.
1345 4823 1434 4888 Nov.
1467 4827 1562 4904 1851,
1592 4840 1661 4902 quo
1690 4820 1746 4882 die
1773 4822 1882 4881 letum

1053 4946 1205 5029 oppetiit
1222 4966 1333 5009 annos
1349 4958 1454 5008 natus
1471 4950 1521 5024 ⁶9·

1139 5068 1374 5149 Conscripsit:
