4252 6112
934 494 1214 565 -359-

290 677 340 731 IX.
360 675 460 733 Ueber
477 679 713 752 Korperwarme
730 679 788 734 und
804 680 1029 738 Aetherdichte.

201 778 230 857 (i.
248 800 274 836 c.
293 781 339 835 De
355 799 516 856 corporum
535 783 637 838 calore
653 783 846 858 aetherisque
862 781 1031 860 densitate.)

202 882 481 958 Sitzungsbcrichte
505 882 548 961 (ut
572 887 627 942 No.
655 883 694 964 2).
724 887 814 960 1874.
836 889 902 946 Vol.
919 889 1029 946 LXIX.

202 991 277 1045 Pars
295 1005 323 1045 2.

288 1096 324 1149 X.
350 1092 452 1149 Uebcr
472 1095 539 1149 eine
556 1095 760 1152 hludification
782 1096 836 1153 der
852 1097 1031 1154 herrschen-

201 1197 259 1253 <len
276 1198 467 1254 Gastheorie.
493 1195 522 1272 (1.
544 1217 570 1253 e.
592 1200 638 1255 De
659 1200 881 1257 modificatione
902 1202 1030 1276 quadam

202 1303 337 1358 theoriae
363 1302 521 1358 fluidorum
545 1303 736 1360 elasticorum
762 1308 959 1363 communiter
982 1325 1030 1362 re-

202 1405 331 1485 ceptae.)
355 1404 632 1480 Sitzungsberichte
649 1405 691 1486 (ut
707 1410 763 1466 No,
782 1407 821 1487 2).
849 1409 939 1483 1875.
963 1411 1029 1468 Vol.

201 1511 295 1566 LXX.
313 1512 386 1566 Pars
404 1526 432 1566 2.

288 1616 339 1670 XI.
355 1614 456 1671 Ueber
466 1615 519 1670 das
529 1615 882 1692 Verhaltengesattigter
892 1617 1029 1694 Dampfe.

201 1718 229 1798 (1.
248 1740 273 1776 e.
292 1721 338 1776 De
355 1739 500 1795 vaporum
518 1734 719 1777 saturatorum
733 1720 857 1799 habitu.)
874 1721 1030 1798 Sitzungs-

201 1824 335 1881 berichtc
352 1823 395 1902 (ut
412 1827 466 1881 No.
487 1822 525 1903 2).
544 1826 611 1882 Vol.
630 1827 723 1883 LXX.
742 1829 816 1884 Pars
834 1844 861 1884 2.

287 1929 353 1984 XII.
368 1929 468 1986 Ueber
477 1929 525 1985 dic
535 1930 857 2006 Volumveranderung
869 1932 924 1987 des
936 1933 1029 1989 Kaut·

200 2032 312 2090 schuks
338 2033 431 2089 durch
456 2035 587 2090 Warme.
612 2032 641 2112 (i.
664 2055 690 2091 e.
713 2036 759 2091 De
780 2038 891 2111 gummi
913 2037 1029 2093 elastici

199 2139 358 2194 voluminis
382 2142 545 2194 mutatione
574 2158 628 2215 per
652 2137 805 2220 calorem.)
833 2139 1029 2215 Sitzungsbe·

202 2243 297 2299 richte
313 2239 356 2318 (ut
372 2244 427 2298 No.
447 2241 485 2320 2).
509 2243 598 2317 1875.
616 2245 682 2302 Vol.
701 2245 824 2301 LXXII.
843 2240 917 2301 Pars
935 2261 962 2302 2.

288 2348 369 2403 XIII.
397 2346 497 2405 Ueber
519 2348 576 2404 den
602 2349 733 2405 Einiluss
757 2368 816 2405 von
840 2350 944 2406 Druck
970 2349 1030 2406 und

200 2453 265 2525 Zug
277 2451 330 2507 auf
339 2451 387 2507 die
402 2452 602 2509 thermIschen
611 2453 1028 2528 Ausdehnungs·C0esstcien-

200 2571 248 2612 ten
258 2556 311 2612 der
322 2558 442 2631 Korper
455 2556 513 2612 und
527 2554 602 2613 iiber
614 2557 668 2613 das
678 2555 855 2633 bezdgliche
864 2557 1028 2614 Verhalten

199 2681 258 2717 von
276 2661 403 2717 Wasser
421 2661 478 2716 und
496 2661 681 2717 Kautschuk.
706 2660 735 2740 (i.
754 2681 779 2718 e.
799 2664 844 2718 De
861 2663 1028 2738 pressionis

155 2808 158 2815 .
198 2778 227 2820 et
243 2768 398 2821 tractionis
415 2766 524 2820 influxu
539 2768 567 2821 in
580 2766 785 2822 coelhcientes
799 2766 962 2822 thermicos
975 2785 1026 2822 ex-

198 2872 342 2926 tensionis
360 2889 521 2946 corporum
535 2869 613 2926 etde
627 2872 798 2946 respectivo
814 2869 916 2927 habitu
929 2888 1027 2946 aquae

198 2989 227 3030 et
244 2977 353 3049 gummi
377 2973 513 3053 clastici.)
538 2972 816 3049 Sitzungsberichte
840 2972 882 3052 (ut
905 2974 960 3031 No.
986 2971 1026 3052 2).

201 3079 291 3153 1876.
310 3079 377 3135 Vol.
396 3079 519 3134 LXXII.
538 3079 610 3134 Pars
629 3094 656 3134 2.

215 3208 216 3212 ’
283 3184 363 3239 XIV.
381 3184 464 3238 Neue
478 3180 568 3238 Satze
584 3182 637 3239 der
650 3183 1027 3240 mechanischenWarme-

197 3288 323 3344 theorie.
352 3303 376 3342 1.
394 3288 417 3343 V
420 3306 458 3342 on
472 3287 525 3342 der
538 3286 585 3343 bei
598 3287 961 3363 Volumveranderungen
973 3289 1027 3345 der

197 3394 317 3467 Kdrper
333 3391 542 3447 entwickcltcn
559 3391 634 3447 oder
646 3391 878 3448 verschluckten
891 3392 1025 3449 Warme.

196 3512 224 3553 2.
242 3497 309 3553 Von
327 3496 382 3552 den
401 3495 455 3550 das
472 3496 619 3552 Volumen
640 3495 694 3550 der
716 3498 838 3573 Korper
861 3495 1025 3572 bedingen-

195 3602 252 3658 den
266 3600 400 3656 Krastcn.
415 3597 444 3674 (i.
455 3618 480 3655 e.
495 3601 598 3656 Novae
617 3599 717 3657 theses
734 3601 924 3658 mechanicae
941 3603 1026 3659 theo·

195 3708 256 3761 riae
274 3705 394 3761 caloris.
425 3718 449 3759 1.
467 3704 513 3759 De
531 3703 631 3760 calore
649 3706 676 3759 in
690 3706 854 3761 mutatione
867 3706 1025 3762 voluminis

196 3827 356 3884 corporum
384 3808 508 3864 dimisso
533 3822 584 3863 aut
607 3807 763 3884 absorpto
790 3824 817 3864 2.
843 3810 890 3865 De
911 3808 1025 3867 viribus

194 3915 346 3971 volumina
374 3932 534 3989 corporum
563 3910 850 3990 constituentibus.)·
867 3914 1024 3989 Sitzutigs-

194 4019 329 4075 berichte
347 4016 389 4096 (ut
405 4020 460 4075 No.
479 4015 517 4095 2).
541 4016 630 4090 1876.
655 4018 721 4075 Vol.
739 4019 879 4074 LXXIII.
904 4020 978 4075 Pars
995 4034 1024 4075 2.

283 4125 347 4180 XV.
365 4122 465 4179 Ucber
481 4121 538 4178 den
556 4125 678 4178 inneren
695 4122 826 4178 Zustand
844 4122 901 4178 und
918 4122 965 4179 die
981 4123 1023 4179 la·

195 4242 274 4285 tente
288 4228 413 4283 Wdrme
430 4227 482 4284 der
499 4227 613 4302 Dampf
631 4269 637 4282 .
655 4225 684 4305 (i.
702 4246 728 4284 e.
746 4227 792 4284 De
808 4241 889 4284 statu
906 4230 1023 4285 interno

193 4333 358 4407 caloreque
372 4333 473 4388 latenti
487 4328 671 4409 corporum.)
688 4330 968 4406 Sitzungsberichte
981 4330 1024 4411 (ut

194 4439 250 4493 No.
270 4436 308 4515 2).
331 4436 421 4509 1877.
440 4437 506 4493 Vol.
524 4437 676 4493 LXXVII.
694 4437 769 4493 Pars
786 4452 814 4494 2.

279 4543 358 4598 XVI.
385 4541 569 4614 Grundztlge
598 4541 651 4596 dcr
674 4523 862 4598 aktinischen
886 4543 1023 4599 Warme·

193 4646 318 4702 theorie.
336 4643 365 4722 (i.
380 4664 406 4701 e.
421 4647 571 4721 Principia
585 4645 720 4701 theoriae
732 4648 879 4703 actinicae
892 4644 1022 4723 caloris.)

193 4749 472 4824 Sitzungsberichte
486 4748 529 4828 (ut
540 4751 595 4806 No.
608 4749 647 4829 2).
670 4748 759 4823 1878.
776 4750 844 4807 Vol.
855 4750 1020 4806 LXXVIII.

193 4857 266 4912 Pars
284 4870 311 4910 2.

279 4960 373 5016 XVII.
388 4957 488 5015 Uebet
500 4958 547 5014 die
560 4959 670 5014 latente
683 4957 805 5014 Warme
818 4956 871 5013 der
882 4956 1020 5033 DinupIe.

192 5062 221 5142 (i.
240 5083 265 5120 e.
284 5064 329 5119 De
347 5063 447 5120 calore
465 5063 567 5119 latenti
583 5059 750 5140 vaporum.)
775 5061 873 5129 wien,
896 5061 1020 5118 Holder.

196 5167 285 5240 1879.

279 5296 547 5370 Pusterhofer
572 5306 798 5388 Philippus
826 5305 1021 5387 (Admon-

191 5424 354 5505 tensis),
379 5422 502 5485 Leobii
524 5423 558 5485 in
575 5421 696 5504 Styria
720 5422 894 5505 superiori
918 5433 1022 5486 natus

1112 700 1161 756 24.
1179 678 1268 742 Νον.
1290 684 1380 761 1748,
1394 681 1593 745 Admontes
1612 682 1795 764 professus
1812 707 1841 763 4.
1854 686 1940 748 Dec.

1115 807 1205 881 1767,
1223 812 1408 885 neomysta
1423 804 1521 867 stetit
1534 805 1579 865 ad
1593 825 1689 867 aram
1703 811 1732 870 3.
1745 806 1835 870 Νον.
1850 827 1940 885 1771.

1110 923 1229 986 Primo
1247 925 1340 987 domi
1358 945 1501 987 munere
1518 926 1729 1008 professoris
1753 927 1940 1012 ¹gymnasii,

1111 1047 1369 1109 concionatoris
1391 1057 1426 1109 et
1447 1049 1604 1130 regentis
1622 1050 1719 1113 chori
1736 1052 1859 1114 musici
1876 1072 1941 1133 pro

1110 1169 1245 1235 viribus
1261 1169 1425 1251 fungens,
1450 1181 1577 1251 postea
1603 1192 1722 1235 curam
1746 1174 1940 1237 animarum

1111 1292 1301 1372 attingens
1319 1304 1586 1373 cooperatorem
1599 1297 1644 1357 ad
1657 1290 1690 1357 s.
1700 1294 1793 1358 Galli
1807 1308 1843 1358 et
1856 1317 1940 1378 poe·

1111 1412 1350 1475 nitentiarium
1366 1414 1400 1476 in
1417 1414 1540 1478 Monte
1557 1415 1735 1479 Culmensi
1752 1419 1835 1500 egit.
1864 1418 1940 1480 Pri·

1111 1554 1189 1596 mus
1217 1536 1251 1596 in
1279 1547 1468 1600 neoerecta
1492 1539 1627 1600 curatia
1655 1538 1763 1602 Gams
1786 1540 1940 1603 vicarius

1112 1657 1335 1739 constitutus,
1346 1660 1525 1722 oculorum
1534 1661 1612 1723 luce
1626 1662 1788 1743 privatus
1799 1663 1940 1725 domum

1111 1780 1224 1841 redux
1248 1779 1334 1842 vitio
1359 1782 1563 1861 pulmonum
1591 1795 1824 1865 consumptus
1852 1785 1940 1847 obiit

1112 1905 1162 1964 23.
1179 1901 1281 1964 Mart.
1304 1907 1393 1980 1804.

1198 2028 1377 2105 Composuit
1412 2027 1470 2102 164
1499 2030 1682 2099 Gradualia‚
1714 2049 1732 2104 4
1765 2031 1939 2100 Offertoria‚

1115 2148 1126 2188 1
1148 2133 1278 2188 Tantum
1296 2152 1381 2208 erg0,
1400 2135 1592 2210 2Vesperas
1611 2153 1629 2209 9
1647 2137 1782 2211 Hymnos
1795 2151 1939 2213 vespert„

1115 2251 1125 2292 1
1146 2237 1232 2292 Alma
1248 2237 1458 2313 redemptoris,
1480 2254 1491 2294 1
1513 2240 1629 2314 Regina
1646 2242 1732 2308 coeli,
1755 2256 1764 2296 1
1785 2239 1876 2297 Salve
1892 2260 1939 2298 re·

1111 2343 1190 2415 gina,
1210 2357 1225 2397 2
1244 2340 1300 2397 sub
1318 2355 1409 2410 tuum,
1427 2345 1533 2400 missas
1546 2344 1647 2418 lingua
1659 2345 1830 2413 vernacula,
1848 2347 1939 2402 musi-

1109 2464 1174 2502 cam
1202 2464 1258 2522 pro
1283 2446 1492 2521 purificatione
1514 2449 1545 2504 B.
1573 2450 1611 2505 M.
1631 2450 1666 2506 V.
1695 2463 1725 2506 et
1751 2448 1939 2506 hebdomade

1108 2564 1228 2618 sancta,
1253 2554 1336 2606 varia
1359 2554 1475 2608 cantica
1499 2553 1606 2609 [estiva
1630 2567 1660 2610 et
1682 2555 1754 2622 alia,
1781 2573 1858 2630 quae
1882 2574 1938 2631 pro

1108 2657 1235 2710 maxima
1251 2668 1337 2731 parte
1349 2673 1428 2712 anno
1446 2654 1522 2729 1865
1539 2658 1655 2713 ssamma
1669 2673 1846 2736 consumpta
1859 2673 1936 2717 sunt.

1193 2766 1936 2866 RaabIsidorus(Seitenstadiensis)‚

1107 2892 1237 2976 Styrae
1250 2896 1284 2958 in
1298 2896 1431 2977 oppido
1444 2897 1612 2960 Austriae
1628 2900 1820 2981 superioris
1833 2912 1936 2964 natus

1108 3016 1165 3077 die
1187 3038 1232 3095 19.
1250 3017 1353 3080 Febr.
1376 3023 1455 3080 1826
1472 3020 1644 3082 absolutis
1658 3019 1847 3085 Cremifani
1864 3033 1936 3085 stu-

1107 3138 1174 3201 diis
1203 3159 1228 3201 s.
1258 3140 1390 3203 ordinis
1417 3143 1528 3205 nostri
1556 3143 1715 3207 habitum
1739 3143 1853 3207 induit
1879 3144 1935 3206 die

1112 3264 1157 3322 15.
1176 3263 1271 3343 Aug.
1289 3267 1366 3342 1847
1385 3264 1548 3345 votisque
1565 3266 1793 3328 sollemnibus
1810 3266 1867 3328 die
1885 3287 1933 3345 19.

1106 3385 1180 3448 Iun.
1202 3388 1278 3446 1851
1305 3404 1342 3446 se
1365 3386 1566 3450 obstrinxit.
1590 3387 1779 3451 Incruento
1804 3387 1935 3450 sacrifi·

1106 3506 1160 3568 cio
1176 3505 1254 3568 Deo
1277 3507 1411 3588 optImo
1436 3508 1492 3570 die
1521 3530 1545 3572 1.
1563 3509 1656 3591 Aug.
1679 3513 1757 3604 ¹⁸⁵?
1782 3509 1934 3591 primum

1105 3628 1235 3709 oblato,
1258 3640 1469 3711 cooperator
1492 3630 1525 3692 in
1548 3631 1716 3712 parochia
1732 3631 1934 3694 Asbacensi

1104 3748 1220 3811 factus
1237 3760 1309 3823 est;
1335 3752 1490 3832 quinque
1512 3753 1612 3815 annis
1634 3764 1716 3835 post
1740 3755 1785 3814 ad
1807 3772 1933 3814 munus

1105 3871 1255 3934 docendi
1280 3873 1314 3933 111
1339 3893 1366 3935 c.
1385 3893 1410 3937 r.
1432 3875 1620 3956 gymnasio
1637 3873 1934 3938 Seitenstadiensi

1105 4002 1160 4055 est
1176 3995 1380 4057 devocatus.
1405 3995 1517 4058 Paulo
1533 4007 1615 4078 post
1632 4017 1751 4059 curam
1768 3997 1934 4060 tabularii

1104 4125 1140 4178 et
1150 4115 1368 4178 collectionis
1383 4138 1601 4181 nummorum
1613 4129 1648 4181 et
1662 4123 1740 4182 1863
1751 4118 1933 4182 camerarii

1104 4258 1229 4301 munus
1246 4241 1413 4322 suscepit,
1437 4260 1528 4322 quae
1550 4240 1667 4304 officia
1689 4241 1856 4305 sustinuit
1876 4259 1933 4302 us-

1104 4380 1172 4441 que
1189 4360 1355 4424 adfinem
1373 4363 1468 4425 vitae
1486 4362 1542 4424 die
1561 4367 1610 4425 23.
1629 4361 1733 4425 Febr.
1755 4367 1844 4442 1879.

1190 4473 1355 4556 Scripsit:

1189 4594 1212 4649 1.
1235 4594 1424 4651 Historische
1442 4596 1565 4650 Notizen
1590 4592 1665 4649 iiber
1686 4594 1733 4649 die
1755 4594 1821 4650 dem
1843 4590 1932 4649 Stifte

1103 4694 1319 4753 Seitenstetten
1335 4699 1554 4773 incorporirteu
1566 4696 1719 4753 Piarreien
1733 4697 1787 4752 der
1800 4696 1932 4753 Didcese

1103 4800 1147 4857 St.
1170 4802 1283 4858 Polten.
1312 4799 1341 4880 (i.
1368 4821 1394 4858 e.
1420 4804 1554 4859 Notitiae
1578 4802 1739 4858 historicae
1770 4800 1931 4876 parochias

1102 4909 1273 4962 monasterii
1295 4906 1555 4963 Seitenstettensis
1576 4908 1605 4961 in
1625 4905 1758 4962 dioecesi
1779 4904 1931 4980 San-Hip-

1102 5011 1245 5086 polytana
1272 5024 1445 5078 cernentes
1474 5010 1584 5067 editum
1612 5012 1641 5066 in
1671 5009 1765 5066 diario
1797 5010 1930 5066 dioecesi

1102 5117 1346 5189 praenominatae
1362 5113 1512 5170 destinato
1530 5111 1631 5191 1859.)
1648 5111 1693 5170 St.
1707 5114 1821 5181 Polten,
1840 5112 1929 5186 1859.

1189 5218 1225 5273 11.
1262 5217 1504 5275 Urlrundenbuch
1539 5217 1592 5273 des
1623 5216 1930 5275 BenedictinerstiItes

1101 5321 1326 5378 Seitenstetten.
1352 5319 1380 5399 (i.
1398 5342 1424 5378 e.
1447 5321 1540 5378 Liber
1561 5324 1733 5378 monasterii
1750 5320 1930 5379 Seitenstet-

1102 5428 1195 5483 tensis
1211 5427 1374 5502 diplomata
1391 5423 1569 5506 continens.)
1586 5426 1685 5495 Wien‚
1707 5424 1797 5500 1870.
1828 5484 1835 5496 ,
