4222 6106
856 473 1147 534 -XXV—

261 700 389 765 Omnia
412 700 545 762 ordinis
569 698 756 778 domicilia,
780 697 933 760 maxime
953 716 1039 759 vero
1062 699 1313 760 monasterium
1328 697 1465 759 Mariae
1482 697 1644 761 Cellense
1661 699 1697 760 in
1716 698 1865 761 Austria

128 839 307 920 inferiore,
330 839 584 917 Lambacense,
608 837 874 899 Lunaelacense
890 835 926 898 in
943 836 1090 899 Austria
1106 835 1298 918 superiore,
1322 856 1348 897 s.
1366 836 1464 898 Petri
1481 848 1517 898 et
1533 836 1861 900 Michaelburanum

128 979 164 1040 in
188 976 408 1058 Salisburg0,
432 973 685 1038 monasterium
702 974 949 1036 Admontense
972 974 1008 1035 in
1032 970 1140 1036 Stiria
1156 975 1188 1054 ¹),
1214 993 1259 1034 ex
1282 974 1337 1035 his
1361 974 1474 1036 turbis
1499 974 1739 1036 calamitatem
1762 995 1864 1038 acce-

128 1127 269 1196 perunt.
315 1113 463 1177 Tristior
493 1134 579 1176 vero
610 1133 746 1176 morum
776 1112 994 1193 perversitas
1025 1123 1101 1174 erat
1132 1112 1261 1173 exinde
1292 1122 1379 1175 orta.
1425 1111 1606 1174 Effrenata
1638 1112 1730 1174 enim
1763 1114 1866 1176 huius

129 1254 263 1316 saeculi
285 1253 430 1317 licentia
450 1252 558 1315 etiam
581 1250 874 1314 monasteriorum
898 1259 1020 1332 portas
1040 1249 1273 1331 perfregerat,
1298 1249 1415 1312 omnia
1431 1249 1633 1332 miscuerat,
1657 1271 1791 1313 morum
1815 1253 1866 1314 in-

128 1392 335 1473 tegritatem
357 1410 502 1471 pessum
527 1392 686 1454 dederat.
725 1389 826 1470 Quae
850 1389 1034 1451 calamitas
1065 1408 1110 1451 ne
1137 1389 1279 1470 longius
1308 1391 1571 1470 extenderetur,
1595 1391 1740 1452 tandem
1765 1389 1866 1454 Sum-

129 1551 264 1594 morum
287 1530 499 1593 Pontificum
523 1530 748 1611 providentia
772 1538 914 1590 cautum
939 1540 1003 1590 est.
1042 1529 1271 1591 Innocentius
1295 1528 1367 1608 HL,
1397 1548 1547 1609 magnus
1571 1528 1754 1608 Pontifex,
1785 1548 1866 1591 con-

129 1669 253 1750 stituit,
279 1679 318 1731 ut
341 1668 483 1731 comitia
506 1667 640 1730 ordinis
664 1689 685 1729 a
708 1666 1004 1729 Cisterciensibus
1028 1668 1179 1748 primum
1203 1667 1325 1729 habita
1348 1687 1370 1729 a
1393 1666 1537 1746 reliquis
1561 1685 1702 1747 quoque
1719 1687 1866 1749 congre-

128 1808 334 1890 gationibus
358 1807 632 1870 celebrarentur.
678 1805 800 1868 Tertio
824 1826 966 1887 quoque
990 1825 1082 1868 anno
1106 1805 1412 1886 monasteriorum,
1445 1805 1505 1886 qui
1537 1805 1590 1866 sui
1621 1804 1707 1867 iuris
1735 1815 1866 1886 essent,

128 1947 362 2027 abbatiarum,
394 1945 613 2027 prioratuum
642 1943 827 2026 praesides
851 1943 1081 2006 convenirent
1113 1955 1149 2005 et
1180 1945 1224 2005 de
1256 1943 1444 2023 disciplina
1475 1943 1637 2007 instituta
1668 1945 1713 2005 ad
1745 1964 1867 2007 omnes

128 2071 344 2166 pertinentia
367 2092 618 2164 proponerent.
657 2082 737 2144 Hoc
760 2081 959 2145 institutum
982 2083 1028 2144 ab
1045 2081 1203 2143 Honorio
1218 2081 1281 2145 III.
1306 2090 1342 2142 et
1366 2078 1541 2162 Gregorio
1562 2081 1629 2145 IX.
1655 2081 1704 2144 ita
1725 2092 1867 2145 auctum

128 2234 199 2303 est,
231 2231 272 2284 ut
303 2221 446 2284 comitia
476 2220 667 2302 quotannis
701 2222 926 2283 haberentur.
973 2221 1072 2283 Idem
1104 2239 1169 2302 per
1198 2191 1373 2303 synodum
1405 2220 1653 2282 dioecesanam
1683 2220 1866 2284 Vindobo-

126 2380 274 2423 nensem
304 2358 387 2421 anni
425 2365 503 2438 1207
534 2358 778 2421 Benedictinis
809 2358 1058 2421 archiducatus
1090 2358 1271 2421 Austriaci
1301 2358 1517 2421 inculcatum
1549 2368 1620 2432 est;
1653 2379 1867 2441 quamquam

125 2499 240 2580 prima
272 2497 416 2560 comitia
447 2496 581 2559 ordinis
609 2517 689 2576 1274
721 2498 860 2559 demum
893 2495 1094 2579 Salisburgi
1127 2496 1250 2559 habita
1285 2506 1377 2576 sunt,
1412 2515 1491 2558 cum
1522 2496 1723 2560 Fridericus
1755 2499 1867 2561 archi-

126 2637 319 2718 episcopus
343 2633 627 2716 Salisburgensis
651 2634 686 2695 in
711 2633 860 2696 concilio
876 2633 1096 2715 provinciali,
1121 2653 1213 2696 anno
1235 2636 1474 2716 praecedente
1497 2634 1631 2718 habit0,
1655 2638 1867 2700 auctoritate

126 2773 267 2836 concilii
290 2771 542 2854 Lugdunensis
566 2783 778 2853 commotuS,
807 2784 852 2838 ut,
869 2773 1031 2835 instituta
1055 2773 1253 2835 Innocentii
1277 2772 1340 2837 III.
1364 2775 1508 2836 tandem
1532 2785 1772 2858 servarentur,
1804 2777 1867 2840 im-

126 2921 290 2993 perasset
306 2913 340 2992 ²).
386 2910 465 2992 Quo
497 2905 637 2973 facilius
667 2910 877 2973 instauratio
910 2911 1043 2973 ordinis
1073 2908 1189 2994 fieret,
1218 2911 1436 2974 Benedictus
1459 2912 1544 2974 XII.
1568 2914 1666 2976 bulla
1695 2914 1866 2998 „Summi-

126 3050 290 3132 magistri
315 3049 496 3131 dignatio“
526 3051 611 3111 data
638 3059 721 3111 ante
750 3049 843 3111 diem
866 3049 941 3111 XII
965 3048 1140 3112 Calendas
1164 3051 1272 3113 Iulias
1296 3050 1378 3113 anni
1406 3055 1486 3114 1336
1513 3064 1626 3117 totum
1650 3055 1807 3117 ordinem
1831 3056 1867 3118 in

125 3188 331 3271 provincias
355 3187 475 3250 divisit
499 3187 640 3268 aliaque
663 3189 709 3249 ad
733 3187 957 3268 disciplinam
980 3188 1196 3269 pertinentia
1220 3191 1380 3255 decrevit
1393 3193 1428 3272 ³).

257 3326 325 3389 His
348 3326 458 3408 igitur
481 3326 576 3388 sedis
600 3326 819 3407 apostolicae
843 3326 1007 3407 decretiS,
1036 3347 1128 3408 quae
1156 3328 1192 3390 in
1215 3329 1375 3409 pluribus
1405 3329 1563 3393 conciliis
1587 3329 1865 3412 provincialibus

126 3464 329 3547 Salisburgi
358 3464 490 3527 habitis
525 3484 590 3545 pro
625 3476 823 3546 temporum
859 3474 895 3527 et
928 3466 1084 3527 locorum
1119 3466 1328 3529 diversitate
1365 3469 1510 3550 saepius
1548 3471 1865 3552 commutabantur,

127 3603 295 3668 effectum
319 3614 385 3686 est,
408 3614 448 3667 ut
471 3605 559 3666 ordo
581 3623 694 3666 novas
718 3613 865 3684 caperet
887 3603 996 3686 vires,
1021 3614 1057 3667 et
1079 3607 1192 3668 laetos
1216 3609 1416 3688 uberesque
1444 3606 1581 3670 fructus
1609 3608 1802 3689 praecipue
1830 3609 1866 3671 in

126 3744 229 3805 terris
253 3741 396 3824 Alpinis
420 3741 558 3823 imperii
581 3740 763 3803 Austriaci
785 3741 904 3803 ferret.
950 3741 1085 3824 Magna
1116 3745 1264 3825 praedia
1294 3755 1443 3826 propter
1473 3765 1590 3808 rerum
1622 3746 1866 3809 confusionem

124 3892 270 3945 vastata
294 3891 331 3944 et
355 3882 496 3943 deserta
520 3882 637 3943 denuo
661 3880 728 3942 coli
752 3875 881 3962 coepta
903 3891 995 3943 sunt.
1035 3881 1178 3962 Ubique
1201 3883 1237 3945 in
1260 3882 1380 3945 fundis
1411 3893 1447 3946 et
1474 3885 1763 3965 possessionibus
1790 3886 1866 3948 eius

125 4020 301 4090 ecclesiae
326 4029 363 4082 et
385 4018 539 4091 oratoria
562 4017 751 4082 aedificata
775 4030 871 4101 sunt,
904 4039 950 4081 ex
974 4021 1102 4100 quibus
1126 4022 1311 4102 paullatim
1342 4023 1532 4105 parochiae
1563 4026 1765 4106 prodibant.
1811 4027 1866 4088 Ita

124 4161 206 4241 plus
231 4161 386 4222 ducenta
410 4157 544 4240 oppida
568 4165 604 4219 et
627 4156 704 4218 sora
727 4177 820 4219 nunc
843 4158 1012 4238 opulenta
1035 4179 1056 4221 a
1079 4159 1324 4223 Benedictinis
1349 4161 1523 4244 originem
1548 4163 1681 4226 ducunt
1695 4164 1729 4243 ⁴).

256 4296 358 4358 Haec
381 4296 612 4377 incrementa,
645 4314 736 4375 quae
767 4296 853 4357 ordo
885 4295 921 4357 in
950 4295 1053 4358 terris
1076 4297 1219 4378 Alpinis
1249 4300 1370 4362 seculo
1402 4300 1539 4362 decimo
1571 4300 1677 4363 tertio
1708 4313 1864 4383 ceperat,

124 4457 204 4499 cum
237 4433 422 4497 beneficiis
455 4444 490 4496 et
521 4432 820 4517 immunitatibus,
853 4454 944 4514 quae
975 4455 994 4496 a
1027 4437 1171 4523 summis
1201 4437 1448 4521 pontificibus,
1482 4438 1678 4522 episcopie,
1708 4441 1864 4522 regibus,

257 4729 280 4810 ¹)
304 4731 393 4788 Plura
417 4732 446 4786 in
470 4732 573 4788 Friess
598 4729 733 4788 Studien.
757 4732 898 4788 Monachi
921 4731 1154 4800 Admontenses‚
1178 4754 1245 4791 cum
1262 4735 1386 4810 praedia
1403 4754 1506 4793 eorum
1522 4739 1564 4793 ita
1580 4736 1736 4793 devastata
1751 4749 1863 4800 essent,

124 4857 157 4899 ut
179 4842 258 4899 lame
284 4857 316 4899 et
339 4844 442 4918 inopia
466 4857 683 4919 premerentur,
708 4861 745 4899 ex
768 4843 835 4900 solo
852 4845 951 4919 patrio
968 4842 1176 4920 Salisburgum
1200 4846 1370 4922 demigrare
1393 4851 1491 4905 coacti
1509 4862 1587 4914 sunt,
1613 4848 1662 4904 ubi
1682 4866 1701 4903 a
1721 4846 1864 4905 fratribus

124 4975 149 5012 s.
163 4956 254 5025 Petri,
268 4958 409 5031 quamvis
428 4967 459 5012 et
475 4956 532 5030 ipsi
545 4954 773 5030 perturbatione
786 4957 864 5012 civili
878 4971 1097 5031 premerentur,
1110 4957 1241 5033 benigne
1258 4959 1494 5036 excipiebantur.
1513 4960 1666 5027 Wichner,
1680 4959 1813 5017 Admont
1825 4962 1862 5018 II.

256 5067 280 5145 ²)
304 5069 351 5125 De
375 5069 593 5126 instauratione
609 5069 723 5125 ordinis
741 5069 846 5126 confer
862 5088 939 5144 opus
957 5073 1087 5145 spissum
1104 5070 1300 5129 Schmiederii
1318 5071 1554 5129 Lambacensis:
1580 5072 1637 5129 Die
1655 5073 1864 5130 Benedictiner

125 5179 362 5237 Ordensresorm
386 5183 424 5237 im
448 5182 532 5237 XIII.
557 5181 616 5236 und
639 5181 719 5244 XIV.
744 5180 955 5256 Jahrhundert.

257 5292 280 5370 ³)
305 5293 476 5361 Cherubim,
501 5294 662 5349 Bullarium
687 5311 826 5367 magnum
849 5294 872 5350 I.
901 5308 970 5367 179.

258 5405 282 5486 ⁴)
304 5407 404 5465 Friess
429 5411 447 5468 l.
474 5428 500 5466 c.
526 5420 556 5464 et
581 5408 723 5463 historias
746 5407 933 5480 singulorum
958 5410 1218 5465 monasteriorum.
