4222 6106
938 517 1221 586 ,515-

200 704 252 765 ab
268 721 362 764 anno
383 706 546 765 1851-01
567 703 713 784 Iaurini,
735 707 900 765 1861—62
921 705 1037 766 denuo
1075 707 1079 777 l
1118 700 1260 784 scripsit
1289 710 1325 761 et
1352 701 1567 765 monasterio
1595 703 1754 785 reliquit,
1784 725 1813 768 e.
1837 727 1871 788 g.
1901 728 1947 770 ex

202 826 388 907 professor
414 834 450 887 et
477 835 597 888 orator
619 846 640 887 a
664 825 775 887 sacris
799 825 834 887 in
859 846 886 889 s.
906 835 1036 906 monte,

211 952 377 1026 1862-64
393 947 600 1029 professor-,
619 951 785 1025 1864—67
802 947 964 1029 provisor
976 949 1037 1009 do-

203 1089 282 1132 mus
298 1069 442 1151 ibidem,
460 1069 587 1132 dehinc
605 1067 721 1132 officio
740 1069 1036 1131 administratoris

204 1189 396 1271 parochiae
413 1191 449 1252 in
464 1191 598 1253 Peterd
613 1191 782 1273 fungitur.

291 1310 459 1394 Scripsit:

290 1436 402 1512 Gordg
417 1438 627 1513 olvasdkdnyv
648 1457 665 1495 a
685 1444 785 1513 gdrdg
805 1439 947 1513 nyelvtan
962 1438 985 1495 Ι.
1002 1439 1035 1495 e's

206 1543 242 1598 ll.
270 1542 319 1598 dvi
346 1540 536 1616 solyamaihoz
567 1539 597 1620 (i.
626 1561 652 1599 e.
680 1543 846 1599 Lectiones
873 1540 1035 1620 Graecae.)

204 1645 395 1703 Feldbausch
416 1646 449 1702 es
469 1644 578 1721 Supfle
602 1645 673 1702 utin
698 1647 885 1721 magyaritva
908 1647 941 1702 <is
961 1645 1034 1703 Sze-

203 1751 267 1826 pesi
285 1751 364 1806 Imrc
381 1750 599 1825 nyelvtanahoz
615 1751 811 1807 alkalmazva.
834 1751 920 1807 Becs
942 1750 1032 1823 1853.

203 1851 390 1928 Schweiger.
408 1854 450 1911 8⁰.
469 1869 532 1926 230
549 1874 577 1930 p.
595 1853 710 1911 Tribus
727 1853 843 1910 vicibus
860 1855 907 1910 ed.

287 1982 477 2056 Wismer
503 1994 604 2056 Pius
633 1994 876 2076 (Murensis),
904 1995 1033 2057 Lucer-

202 2110 324 2174 nensis
340 2113 385 2173 de
401 2111 618 2192 Richensee,
633 2121 737 2174 natus
754 2122 809 2174 est
821 2111 879 2174 die
896 2133 943 2177 10.
954 2111 1033 2178 Oct.

206 2235 299 2315 1789,
315 2233 409 2295 votis
425 2251 463 2295 se
480 2234 558 2295 Deo
575 2233 707 2296 dicavit
725 2234 780 2296 die
799 2238 826 2297 8.
839 2233 927 2299 Dec.
942 2240 1032 2318 1810,

201 2365 239 2418 et
261 2355 355 2416 inter
377 2356 582 2417 sacerdotes
606 2365 795 2437 cooptatus
819 2367 874 2419 est
899 2357 956 2419 die
982 2363 1032 2421 31.

202 2475 281 2540 Oct.
301 2480 391 2539 1813.
416 2476 499 2539 Fuit
511 2478 689 2558 parochus
706 2479 741 2539 in
754 2478 932 2561 Buenzen,
950 2480 1032 2560 dein

198 2598 374 2680 magister
388 2599 611 2663 novitiorum.
635 2600 723 2662 Post
744 2602 1031 2683 suppressionem

197 2719 409 2782 monasterii
425 2721 544 2783 docuit
562 2720 595 2783 in
612 2721 763 2804 collegio
777 2719 947 2785 Sarnensi
963 2724 1033 2786 cal-

196 2841 425 2924 ligraphiam,
441 2842 538 2904 venit
561 2852 688 2924 postea
711 2844 757 2906 ad
780 2846 1032 2909 monasterium

198 2960 315 3044 Gries,
340 2963 376 3025 in
398 2983 468 3044 quo
492 2964 660 3027 iubilatus
680 2966 903 3047 professione
924 2977 961 3030 et
976 2988 1031 3030 sa·

196 3085 360 3148 cerdotio
377 3085 567 3148 defunctus
583 3097 639 3148 est
655 3086 712 3148 die
732 3092 779 3150 18.
796 3089 870 3154 Ian.
892 3095 982 3168 1870.

285 3205 440 3288 Scripsit
455 3226 518 3269 seu
535 3209 651 3270 denuo
668 3209 794 3271 edidit:

284 3332 310 3390 Ι.
327 3332 516 3390 Psalmodiae
531 3334 688 3409 praeludia
709 3338 774 3391 sive
795 3339 950 3394 orationes
970 3341 1030 3394 sin-

195 3437 276 3512 gulis
298 3437 424 3494 Psalmis
449 3439 706 3495 accommodatae.
735 3440 860 3497 Einsidl.
884 3461 933 3518 ap.
954 3444 1030 3499 Ben-

194 3543 290 3615 ziger.
313 3538 403 3614 1867.
425 3539 484 3598 16⁰.
506 3557 563 3615 15²
581 3562 611 3618 p.

287 3643 327 3701 ΙΙ.
344 3645 408 3702 Der
423 3645 494 3721 Tag
510 3648 539 3702 in
552 3645 643 3704 Stans
661 3648 751 3722 1481.
768 3649 913 3707 Comddie
926 3653 955 3707 in
967 3652 1030 3708 drei

195 3748 357 3824 Aufzfigen
370 3751 423 3806 mit
435 3752 879 3828 geschichtlicherEinleitung.
893 3761 935 3828 4⁰.
948 3755 989 3827 38
1000 3776 1030 3832 p.

195 3854 252 3909 Ms.
270 3855 301 3909 in
319 3854 431 3911 archiv.
448 3855 654 3913 Muro-Gries

284 3980 473 4056 Witladil
514 3994 746 4060 Severinus
786 3999 1063 4079 (Lamberti··

194 4110 300 4192 nus),
317 4121 422 4174 natus
439 4122 494 4175 est
514 4114 675 4192 17.Febr.
690 4119 769 4177 1828
783 4115 818 4177 in
832 4117 1030 4199 Krieglach

193 4228 349 4314 Styriae.
363 4234 552 4297 Absolutis
563 4234 786 4319 Clagenfurti
795 4238 921 4300 studiis
931 4240 1029 4301 theo-

192 4353 322 4437 logicis
337 4358 550 4419 monachum
566 4359 705 4441 nigrum
722 4360 906 4441 professus
923 4371 977 4424 est
994 4362 1028 4424 iu

195 4477 416 4540 monasterio
439 4499 466 4540 s.
483 4479 664 4543 Lamberti
685 4481 719 4542 in
742 4479 863 4564 Styria
886 4504 935 4562 29.
952 4485 1028 4546 Iun.

195 4602 277 4663 1852
302 4609 340 4662 et
355 4600 529 4681 primitias
550 4603 746 4665 celebravit
772 4625 797 4667 1.
815 4605 910 4686 Aug.
934 4609 1027 4676 1852;

190 4740 277 4784 mox
291 4733 503 4804 cooperator
512 4726 703 4805 parochiae
714 4727 932 4790 domesticae
946 4748 1027 4790 con-

190 4845 342 4908 stitutus
358 4854 423 4908 est.
452 4850 619 4909 1855-68
642 4848 819 4912 convictui
837 4869 1028 4931 puerorum

189 4965 369 5049 praefuit,
406 4967 536 5030 exinde
572 4969 807 5033 bibliothecae
839 4980 876 5034 et
909 4974 1028 5036 choro.

186 5089 426 5152 Praematura
443 5100 554 5152 morte
571 5091 658 5152 obiit
673 5095 702 5154 5.
716 5092 786 5157 Ian.
804 5101 899 5178 1874.

277 5209 364 5272 Fuit
384 5209 420 5272 in
440 5230 478 5272 re
494 5210 625 5273 musica
642 5231 685 5273 ex
702 5216 790 5278 omni
803 5234 920 5299 parte
937 5220 1033 5304 peri-

183 5332 359 5413 tissimus,
371 5331 611 5394 collectionem
620 5353 766 5399 rarorum
777 5358 946 5422 operum
962 5365 1035 5407 mu.

181 5454 350 5520 sicalium
376 5453 619 5535 amplissimam
636 5475 730 5520 manu
748 5481 910 5552 ρτορη·ἃ
949 5488 1038 5531 con·

1117 823 1367 903 manuscriptis
1384 833 1419 886 et
1436 824 1618 887 codicibus
1631 827 1869 891 bibliothecae
1885 851 1947 892 au-

1117 943 1207 1005 licae
1228 943 1452 1008 Viennensis.
1488 947 1639 1028 Insuper
1662 968 1792 1011 novum
1814 952 1946 1014 catalo-

1116 1085 1200 1147 gum
1217 1066 1263 1127 ad
1279 1066 1532 1129 bibliothecam
1550 1071 1764 1151 monasterii,
1782 1076 1798 1134 5
1815 1082 1896 1136 tom.
1911 1074 1946 1136 in

1116 1186 1187 1266 fol,
1205 1196 1241 1248 et
1259 1188 1512 1269 „repertorium
1530 1191 1676 1253 archivii
1697 1196 1944 1258 monasteriis.

1115 1309 1316 1371 Lamberti“
1333 1320 1494 1373 recenter
1511 1313 1673 1395 ordinati,
1691 1320 1708 1377 3
1726 1325 1809 1380 tom.
1828 1317 1861 1378 in
1874 1317 1944 1398 fol,

1115 1450 1251 1492 summa
1281 1431 1454 1494 industria
1482 1442 1518 1495 et
1546 1435 1681 1496 calamo
1709 1439 1944 1517 pulcherrimo

1116 1553 1336 1634 conscripsit.

1200 1668 1358 1763 Witzlg
1387 1681 1607 1745 Eduardus
1636 1683 1942 1771 (Mellicensis),

1115 1793 1328 1857 Austriacus
1343 1796 1595 1880 HitzingensiS,
1620 1810 1724 1863 natus
1745 1823 1838 1866 anno
1863 1825 1941 1884 ¹772

1116 1936 1165 1978 22.
1183 1916 1282 1997 Apr,
1299 1926 1402 1997 patre
1419 1921 1565 1981 orbatus
1587 1920 1704 1983 infans
1728 1944 1806 1985 cum
1831 1936 1943 1990 matre

1115 2035 1500 2122 Claustroneoburgum
1528 2043 1643 2126 venit,
1672 2045 1732 2107 ubi
1759 2046 1794 2109 in
1822 2051 1944 2113 schola

1114 2161 1263 2222 normali
1280 2162 1453 2225 educatus
1470 2174 1506 2227 et
1523 2165 1558 2227 in
1570 2168 1818 2248 praepositura
1834 2171 1943 2234 alum-

1113 2300 1179 2342 nus
1196 2293 1385 2364 susceptus
1402 2295 1466 2347 est.
1491 2286 1610 2349 Unum
1627 2298 1662 2351 et
1679 2289 1859 2353 dimidium
1883 2313 1944 2354 an-

1113 2423 1195 2464 num
1208 2404 1339 2466 ibidem
1349 2408 1513 2470 excultus
1526 2409 1561 2470 in
1574 2411 1747 2491 capellam
1760 2432 1944 2475 caesareo·

1112 2526 1247 2607 regiam
1276 2529 1438 2590 alumnus
1467 2531 1565 2593 venit
1592 2532 1767 2614 simulque
1794 2536 1943 2615 primam

1112 2647 1262 2709 classem
1272 2648 1434 2712 Latinam
1447 2637 1698 2732 frequentavit.
1720 2655 1943 2738 Philosophi·

1112 2769 1162 2831 cis
1174 2770 1371 2851 disciplinis
1380 2773 1541 2862 Viennae
1552 2776 1724 2838 absolutis
1735 2778 1791 2839 die
1802 2782 1851 2840 26.
1863 2777 1941 2842 Oct.

1111 2892 1256 2954 Mellicii
1272 2914 1299 2955 s.
1317 2895 1504 2957 Benedicti
1519 2896 1679 2959 habitum
1695 2898 1818 2961 induit.
1843 2900 1943 2963 Tiro-

1112 3013 1193 3075 cinii
1221 3034 1313 3075 anno
1342 3018 1518 3097 completo
1543 3018 1704 3081 Viennae
1732 3022 1942 3103 theologicis

1111 3136 1237 3196 studiis
1261 3135 1435 3217 incubuit,
1461 3138 1518 3199 die
1543 3144 1590 3200 16.
1612 3139 1699 3202 Maii
1725 3147 1805 3220 1796
1829 3143 1940 3225 signis

1110 3258 1241 3320 nostris
1264 3259 1466 3340 adscriptus
1490 3270 1525 3322 et
1549 3261 1606 3322 die
1629 3283 1657 3324 2.
1680 3261 1757 3326 Oct.
1783 3264 1940 3328 eiusdem

1112 3380 1195 3442 anni
1215 3401 1298 3443 arae
1322 3383 1487 3444 admotus
1509 3392 1572 3445 est.
1597 3383 1722 3447 Mense
1745 3385 1940 3450 Februario

1115 3522 1194 3582 1797
1227 3506 1394 3566 sacerdos
1425 3506 1631 3569 auxiliarius
1659 3507 1693 3569 in
1720 3508 1837 3571 vicum
1864 3510 1940 3572 Ru-

1110 3627 1362 3709 prechtshofen
1376 3627 1505 3689 missus
1518 3639 1582 3709 est,
1597 3649 1667 3710 quo
1680 3650 1824 3694 munere
1835 3634 1940 3694 adus-

1111 3769 1180 3830 que
1212 3753 1258 3811 15.
1287 3749 1374 3829 Apr.
1402 3749 1545 3811 functus
1573 3762 1720 3833 propter
1749 3754 1940 3835 adpropin-

1110 3881 1261 3952 quantes
1284 3871 1407 3932 hostes
1429 3871 1570 3933 domum
1595 3873 1710 3934 redire
1734 3873 1850 3936 iussus
1874 3885 1938 3937 est.

1111 3990 1275 4085 Officium
1284 3971 1498 4072 professoris
1507 3993 1711 4074 theologiae
1721 3995 1863 4056 moralis
1872 3995 1940 4057 sibi

1111 4113 1327 4175 destinatum
1350 4132 1536 4195 recusans,
1564 4134 1630 4194 per
1653 4116 1742 4177 duos
1765 4135 1877 4178 annos
1904 4126 1939 4178 et

1108 4237 1227 4317 plures
1251 4235 1494 4296 hebdomades
1516 4235 1615 4297 vices
1639 4238 1882 4317 cooperatoris
1905 4238 1940 4300 in

1108 4357 1320 4440 Haugsdorf
1344 4367 1379 4420 et
1405 4366 1479 4419 tres
1506 4378 1618 4421 annos
1645 4359 1681 4420 in
1707 4359 1939 4422 Ravelsbach

1109 4481 1192 4563 egit.
1227 4481 1306 4542 Hoc
1331 4480 1367 4542 in
1390 4482 1468 4542 loco
1492 4481 1644 4561 primum
1671 4501 1773 4543 suum
1797 4501 1938 4543 carmen

1109 4602 1389 4665 ecclesiasticum
1413 4599 1464 4684 „0
1483 4600 1584 4664 Gottl
1605 4603 1669 4664 wir
1684 4603 1849 4663 kommen
1866 4603 1938 4664 voll

1108 4723 1327 4787 Vertrauen“
1355 4723 1511 4804 scripsit,
1536 4743 1605 4804 quo
1631 4723 1846 4785 clarissimus
1868 4724 1937 4785 De-

1109 4846 1163 4909 nis
1180 4845 1332 4907 maxime
1354 4846 1611 4906 oblectabatur.
1637 4843 1729 4905 Exin
1749 4845 1857 4906 variis
1874 4865 1936 4926 pa-

1096 4968 1253 5049 roeciis,
1281 4987 1373 5028 nunc
1402 4971 1479 5028 1802
1510 4966 1545 5027 in
1570 4966 1936 5045 Untersiebenbrunn,

1109 5110 1201 5153 nunc
1234 5094 1308 5150 1811
1340 5088 1375 5149 in
1400 5087 1705 5169 Groissenbrunn,
1733 5108 1824 5150 nunc
1856 5091 1933 5149 1812

1111 5214 1146 5275 in
1168 5211 1421 5273 Draiskirchen
1445 5210 1628 5290 deserviit,
1653 5229 1783 5292 magno
1805 5209 1936 5289 ubique

1114 5336 1306 5399 animarum
1328 5333 1402 5394 zelo
1420 5331 1641 5412 conspicuus.
1667 5332 1726 5394 Ab
1742 5350 1834 5393 anno
1856 5333 1933 5392 1822

1115 5462 1238 5520 —1825
1274 5455 1449 5540 gymnasii
1481 5453 1699 5516 Mellicensis
1734 5453 1939 5534 praefectus

1676 5559 1728 5622 65*
