4252 6112
924 461 1206 544 -416-

191 665 309 738 cupatis
325 664 362 719 de
379 664 548 739 Altenburg
564 678 636 741 post
648 663 832 736 Habesburg
849 664 1023 719 constructi.

192 767 287 823 Unum
304 768 445 824 volumen
467 765 624 846 (infolio),
649 770 805 824 continens
831 767 901 823 lolia
922 781 974 840 51,
995 780 1026 823 et

191 870 369 927 adservatur
386 874 415 926 in
432 873 555 928 archivo
572 871 794 928 San-Fauiano.
811 872 867 928 N0.
888 884 937 944 77.

280 993 360 1049 Vlll.
371 995 553 1050 Dissertatio
564 994 601 1050 de
611 993 727 1060 Welfis,
738 995 911 1049 monasterii
923 993 1025 1049 Rhen-

193 1099 347 1171 augiensis
364 1095 582 1154 fundatoribus.

218 1281 221 1288 Ι
281 1218 332 1274 ΙΧ.
361 1219 496 1275 Historia
520 1219 658 1275 Guelsrca
687 1221 801 1295 scripta
827 1237 906 1274 anno
935 1217 1026 1292 1769.

192 1322 329 1396 Utraque
345 1322 519 1379 dissertatio
544 1326 572 1378 in
595 1324 700 1380 eodem
719 1323 869 1379 volumine
891 1324 1026 1378 contine·

196 1439 256 1491 tur.
283 1446 407 1501 quarum
431 1428 453 1484 1.
478 1430 621 1504 pertingit
644 1446 662 1482 a
684 1446 753 1502 pag.
783 1426 922 1492 1-180,
947 1426 984 1481 ΙΙ.
1009 1444 1027 1481 a

196 1548 266 1605 pag.
295 1530 471 1603 180-264,
497 1546 526 1587 et
547 1532 725 1587 adservatur
749 1532 777 1585 in
801 1530 926 1586 archivo
950 1527 1027 1585 San-

197 1635 330 1691 Paulano
346 1636 403 1691 N0.
422 1635 472 1708 78.

284 1758 331 1813 De
359 1759 480 1832 scriptis
508 1757 647 1830 Hugonis
675 1753 860 1811 Schmidfeld
888 1755 1026 1811 consula·

195 1876 256 1918 tur:
274 1861 570 1934 Quellensammlung
590 1860 643 1916 der
664 1859 830 1915 Radischen
849 1858 1026 1933 Landesge·

194 1966 338 2032 schichte‚
356 1964 605 2039 herausgegeben
622 1983 682 2020 von
698 1966 797 2021 Mune.
819 1965 841 2020 l.
858 1964 912 2020 Bd.
935 1962 1025 2036 1848.

196 2082 234 2143 79
252 2089 323 2146 Pag-

283 2231 473 2305 Schmidt
506 2243 535 2304 F
543 2242 750 2304 ridericus
783 2242 1024 2325 (Raigradi

194 2361 337 2441 ensis),
354 2370 459 2423 natus
477 2370 531 2422 est
548 2358 718 2422 Gewiczii
733 2359 768 2421 in
785 2360 948 2421 Moravia
964 2380 1024 2421 an-

193 2471 239 2543 no
261 2487 351 2562 1726,
376 2482 432 2542 die
449 2487 500 2544 30.
519 2483 606 2563 Apr.
629 2481 789 2543 honestis
805 2480 1024 2563 parentibus.

194 2603 249 2664 De
271 2603 444 2684 pueritiae
466 2603 541 2666 eius
564 2603 649 2666 fatis
673 2603 721 2665 nil
745 2612 885 2665 constat
908 2622 1024 2684 neque
1063 2673 1066 2710 Ι

195 2723 255 2785 ubi
278 2736 313 2786 et
335 2725 429 2805 quali
450 2745 528 2787 cum
550 2744 745 2807 progressu
766 2725 885 2787 studia
908 2726 1025 2787 absol·
1063 2715 1066 2728 ’

193 2846 295 2908 verit.
320 2847 426 2908 Anno
444 2866 523 2925 1749
541 2849 586 2908 ad
603 2857 762 2909 nostrum
776 2845 909 2926 suscipi
921 2846 1025 2926 petiit

194 2969 460 3049 monasterium,
484 2968 609 3030 habitu
629 2968 856 3030 benedictino
880 2968 1024 3030 indutus

194 3100 249 3152 est
272 3111 293 3152 a
313 3091 497 3152 reverend.
515 3091 558 3152 D.
575 3090 745 3172 Mathaeo
767 3094 795 3151 8.
813 3091 900 3154 Dec.
920 3089 1024 3152 huius

194 3222 230 3273 et
246 3212 413 3292 sequenti
427 3213 552 3273 eodem
569 3211 626 3273 die
644 3211 678 3273 in
690 3230 814 3273 manus
827 3211 1024 3291 praepositi

194 3332 398 3414 Aemiliani,
422 3332 580 3394 Mathaei
604 3332 833 3412 successoris,
855 3351 881 3393 s.
908 3333 1024 3395 emisit

194 3453 462 3534 professionem.
491 3452 700 3516 Sacerdotio
722 3453 881 3516 initiatus
904 3455 1023 3535 primi-

193 3575 262 3638 tias
275 3576 469 3638 celebravit
482 3580 510 3638 3.
524 3576 599 3637 Iun.
614 3580 704 3658 1753,
718 3587 791 3637 tum
804 3577 839 3638 in
853 3597 937 3639 cura
949 3577 1022 3638 ani-

193 3719 328 3761 marum
345 3698 481 3760 adiuvit
496 3699 690 3779 parochum
707 3717 818 3778 penes
835 3699 1022 3760 ecclesiam

193 3820 490 3892 monasterialem;
516 3839 608 3881 anno
634 3824 712 3898 1755
736 3819 897 3899 superior
917 3820 1023 3881 sacri-

193 3954 316 4005 stanus
334 3953 369 4003 et
385 3945 465 4019 1756
483 3941 757 4003 ceremoniarius
771 3960 892 4022 praep.
908 3941 1023 4002 Bona-

192 4073 364 4124 venturae
380 4061 507 4142 factus,
533 4063 761 4143 quibuscum
788 4062 914 4125 officiis
937 4064 1023 4125 illud

193 4202 331 4262 quoque
348 4183 454 4244 etiam
471 4183 628 4262 regentis
645 4184 742 4244 chori
761 4183 921 4264 figuralis
942 4205 1024 4247 con·

192 4302 317 4366 iunxit.
336 4302 393 4365 Ob
408 4302 660 4365 dexteritatem
674 4315 709 4365 et
718 4305 944 4384 prudentiam
958 4325 1023 4368 nec

192 4446 263 4487 non
292 4427 338 4486 ob
366 4425 551 4505 praeclara
579 4445 642 4486 sua
669 4426 794 4487 merita
822 4447 915 4489 anno
943 4434 1024 4507 1700

192 4545 356 4628 subprior
383 4547 509 4607 domus
537 4546 771 4609 constituitur.
803 4549 910 4610 Anno
944 4557 1021 4629 1702

192 4669 259 4731 iter
269 4668 497 4730 obedientiae
506 4669 934 4752 suscepitPragenseuna
944 4692 1022 4734 cum

191 4791 231 4854 P.
252 4789 512 4869 Maximiliano,
538 4811 608 4870 qua
629 4810 674 4852 ex
696 4811 803 4853 causa
828 4792 1020 4875 ignoratur.

190 4913 246 4975 De
262 4933 331 4993 quo
349 4913 383 4974 in
400 4913 572 4974 relatione
594 4915 639 4974 ad
661 4915 693 4975 d.
711 4915 954 4995 praepositum
971 4916 1021 4977 di·

191 5046 288 5098 recta
308 5035 431 5097 scribit
452 5035 543 5097 inter
564 5035 647 5098 alia:
666 5045 929 5119 „paternaeque
941 5058 1021 5119 gra-

190 5157 261 5219 tiae
279 5176 386 5219 causa
402 5157 485 5217 laeti
504 5156 656 5237 ingressi
673 5177 804 5239 sumuS,
829 5160 893 5219 sed
915 5179 1020 5240 quam

190 5299 281 5341 vana
302 5298 385 5359 spes
406 5278 572 5340 hominis!
601 5279 663 5340 vix
689 5280 781 5341 enirn
798 5279 1019 5343 Trebiczium
1058 5284 1062 5375 j

191 5398 401 5479 appulimuS,
415 5398 483 5460 iam
493 5398 742 5483 forispugnae,
756 5401 850 5463 intus
860 5402 1017 5464 timores!
1057 5378 1061 5463 i

1103 657 1347 721 Referebatur
1367 658 1460 720 inter
1481 659 1551 721 alia
1575 660 1778 722 civitatem
1802 658 1967 740 Progen-

1105 800 1179 841 sem
1190 780 1369 842 occlusam
1379 800 1470 863 esse,
1480 779 1966 862 copiasBOrussicasChru·

1106 901 1200 981 dimi,
1223 900 1428 963 Czaslaviae
1451 911 1518 964 etc.
1542 903 1623 983 plus
1648 922 1771 983 quam
1797 901 1965 984 scythica

1105 1023 1270 1084 barbarie
1286 1022 1418 1094 furere;
1444 1043 1508 1084 nos
1528 1033 1649 1085 tamen
1671 1042 1837 1085 omnem
1859 1021 1965 1084 fidem

1105 1144 1276 1206 adhibere
1293 1146 1454 1206 nolentes
1470 1143 1538 1207 iter
1550 1156 1727 1226 coeptum
1744 1146 1965 1208 continuare

1104 1265 1393 1348 intendebamus,
1418 1268 1531 1329 donec
1555 1269 1707 1329 tandem
1739 1269 1792 1329 ad
1826 1254 1880 1330 13.
1905 1266 1964 1328 Iul.

1106 1386 1232 1448 excell.
1247 1387 1388 1449 domina
1401 1389 1445 1448 de
1455 1387 1660 1450 Waldstein
1672 1387 1806 1450 omnis
1822 1387 1964 1450 dubita·

1106 1506 1212 1569 tionis
1240 1507 1365 1570 fecerit
1392 1506 1507 1570 finem.
1539 1509 1604 1570 Illa
1633 1510 1775 1571 eodem
1807 1509 1875 1571 die
1904 1529 1964 1591 per

1106 1638 1247 1708 postam
1263 1627 1436 1709 lglaviam
1453 1648 1565 1709 usque
1581 1629 1694 1711 venit,
1722 1632 1797 1692 sed
1827 1633 1879 1693 ob
1904 1630 1963 1692 im-

1106 1749 1243 1810 minens
1265 1749 1469 1830 periculum,
1494 1762 1568 1813 tum
1591 1752 1638 1812 ob
1664 1753 1963 1836 denegationem

1107 1890 1276 1951 equorum
1290 1891 1311 1932 a
1324 1871 1507 1952 praefecto
1520 1884 1708 1953 poetarum
1724 1874 1964 1939 Trebiczium

1105 1992 1236 2054 reverti
1258 2002 1382 2054 coacta
1403 2003 1472 2066 est;
1496 1995 1691 2056 mansimus
1719 1997 1963 2060 nihilominus

1105 2113 1279 2176 Trebiczii
1300 2125 1336 2177 et
1357 2135 1391 2193 17
1415 2135 1481 2196 per
1499 2117 1700 2199 prandium,
1729 2122 1803 2182 sed
1832 2123 1885 2182 ob
1909 2141 1961 2181 ac-

1105 2246 1245 2318 ceptam
1262 2238 1433 2319 notitiam,
1450 2248 1525 2301 tum
1541 2238 1576 2300 in
1592 2259 1686 2321 arce,
1715 2252 1801 2304 tum
1831 2264 1857 2305 a
1884 2263 1961 2324 pro

1104 2359 1200 2440 fugis
1217 2359 1385 2421 Bohemis
1403 2361 1474 2442 (qui
1488 2361 1596 2443 aiunt,
1613 2361 1959 2443 Reginae-Hrade·

1105 2481 1196 2542 cium
1209 2492 1293 2561 post
1307 2482 1427 2542 datam
1440 2482 1628 2562 pecuniam
1646 2503 1735 2546 1000
1749 2505 1956 2563 aureorum,

1105 2613 1263 2663 secutam
1280 2603 1569 2686 expoliationem,
1587 2607 1836 2671 succendisse
1855 2609 1909 2671 uti
1924 2622 1956 2670 et

1104 2723 1263 2804 Nachod,
1281 2722 1571 2807 Garomeiicium,
1588 2726 1793 2811 Braunam)
1813 2732 1955 2811 pericu·

1103 2845 1175 2907 lum
1196 2865 1265 2908 non
1286 2855 1447 2909 amantes
1467 2848 1583 2909 redire
1603 2849 1721 2911 satius
1745 2853 1951 2917 duximus!

1104 2967 1253 3028 Duobus
1266 2968 1367 3029 annis
1383 2978 1466 3048 post
1478 2969 1575 3050 prior
1587 2971 1716 3032 domus
1732 2972 1910 3056 efficitur,
1920 2976 1951 3036 in

1105 3108 1174 3169 quo
1196 3087 1312 3151 officio
1333 3090 1586 3152 zelosissimum
1604 3091 1703 3154 illum
1718 3092 1844 3159 fuisse
1862 3117 1950 3159 corn-

1104 3209 1271 3271 mercium
1284 3210 1481 3272 litterarum
1490 3211 1734 3292 frequentium
1748 3216 1786 3278 in
1802 3218 1947 3280 archivo

1103 3340 1224 3393 nostro
1240 3342 1419 3393 servatum
1436 3341 1598 3395 testatur.
1624 3334 1736 3396 Anno
1752 3357 1849 3401 vero
1871 3343 1945 3419 1760

1102 3452 1203 3515 fatali
1217 3452 1418 3517 infirmitate
1432 3456 1609 3517 excessivi
1619 3458 1817 3538 sanguinis
1831 3460 1944 3523 fluxus

1102 3575 1269 3637 laborans
1291 3576 1341 3655 (ut
1358 3577 1480 3638 scribit
1496 3579 1542 3639 ad
1558 3597 1682 3659 praep.
1701 3577 1941 3661 Othmarum),

1103 3716 1148 3757 ex
1165 3717 1235 3776 quo
1253 3698 1392 3758 duobus
1408 3709 1489 3777 post
1506 3697 1607 3759 annis
1624 3704 1858 3780 sequebatur
1879 3715 1940 3767 tre·

1102 3820 1196 3880 mula
1210 3819 1244 3881 in
1257 3821 1420 3901 pedibuS,
1433 3820 1658 3883 imbecillitas
1672 3832 1709 3884 et
1725 3824 1762 3885 in
1775 3828 1937 3889 manibus

1103 3949 1139 4002 et
1155 3941 1359 4023 laessitudo,
1376 3942 1412 4003 in
1428 3961 1553 4003 manus
1570 3942 1726 4023 praefati
1744 3948 1936 4028 superioris

1103 4062 1157 4123 sui
1183 4071 1241 4144 „ut
1265 4063 1389 4125 honori
1416 4064 1656 4125 monasteriali
1680 4070 1934 4147 provideatur⁴

1103 4184 1306 4264 parochiale
1343 4205 1422 4245 curn
1458 4186 1616 4267 prioratu
1648 4206 1857 4252 connexum
1887 4211 1934 4252 re·

1104 4305 1260 4387 signavit
1272 4305 1436 4387 officium,
1449 4328 1518 4387 qua
1529 4307 1776 4389 resignatione
1789 4322 1934 4394 accepta

1104 4428 1149 4488 ad
1164 4426 1269 4489 finem
1282 4448 1374 4489 anno
1392 4432 1483 4509 1708,
1497 4449 1603 4510 quum
1617 4448 1655 4490 se
1668 4429 1801 4493 iterum
1815 4434 1932 4495 melius

1103 4550 1260 4630 haberet,
1281 4550 1444 4631 provisor
1466 4562 1502 4612 et
1524 4551 1711 4632 granarius
1729 4552 1930 4618 instituitur.

1102 4670 1190 4732 Post
1199 4671 1333 4732 obitum
1343 4670 1811 4753 parochiOstrovacicensis
1821 4677 1931 4739 P.Hu·

1101 4792 1205 4875 gonis
1226 4794 1452 4875 praepositus
1473 4793 1665 4857 Othmarus
1688 4800 1931 4877 praesentavit

1102 4915 1141 4976 P.
1158 4916 1187 4976 F
1189 4916 1398 4978 riedericum
1421 4917 1455 4978 in
1473 4918 1550 4979 eius
1565 4918 1697 4991 locum;
1722 4923 1931 5003 rescriptum

1101 5057 1187 5099 vero
1211 5039 1418 5119 praeposito
1447 5059 1468 5099 a
1496 5038 1707 5101 consistorio
1738 5043 1932 5126 episcopali

1101 5158 1338 5240 Olomucensi,
1360 5171 1399 5221 ut
1415 5169 1619 5241 praesentet
1636 5161 1930 5228 ecclesiasticum.

1100 5279 1179 5360 Qua
1200 5283 1244 5342 de
1266 5301 1373 5343 causa
1398 5283 1547 5362 praelati
1563 5282 1737 5346 Moravici
1755 5307 1933 5350 recursum

1099 5404 1145 5464 ad
1162 5404 1278 5465 aulam
1296 5415 1512 5485 acceperunt
1526 5416 1561 5466 et
1576 5407 1777 5472 resolutum
1791 5421 1862 5474 est:
1880 5421 1935 5493 ,ut
