4252 6112
922 469 1205 539 -52,.„

194 670 357 713 emensus
380 651 519 732 riteque
543 650 789 731 philosophiae
814 653 938 715 doctor
968 661 1022 716 est

192 783 374 855 promotus
388 772 555 835 Coloniae
573 778 601 835 3.
612 771 712 854 Sept.
727 778 818 836 1850.
843 772 1021 838 Sacerdos

192 897 237 956 ab
259 894 361 956 emin.
380 895 550 956 cardinali
568 904 603 957 et
620 895 891 977 archiepiscopo
909 898 1020 959 colon.

191 1016 325 1077 Ioanne
339 1017 383 1077 de
397 1014 537 1078 Geissel
552 1016 746 1097 ordinatus,
757 1017 921 1097 sequenti
933 1018 1022 1080 nati·

191 1138 314 1200 vitatis
342 1139 383 1201 B.
410 1138 547 1199 Mariae
574 1138 617 1198 V.
646 1138 843 1201 festivitate
872 1139 1021 1220 primam

191 1259 335 1322 missam
346 1259 549 1322 celebravit.
563 1260 698 1321 Eodem
709 1280 801 1323 anno
811 1270 928 1323 rector
941 1281 1022 1323 con-

192 1383 336 1444 stitutus
368 1382 612 1463 progymnasii
639 1383 846 1445 Iuliacensis
877 1383 1021 1464 (liilich),

192 1506 237 1565 ab
254 1523 347 1565 anno
369 1508 535 1581 1854-56
552 1504 734 1584 professor
750 1515 786 1566 et
803 1505 956 1567 director
976 1507 1022 1566 ad

191 1625 330 1687 interim
358 1625 536 1706 gymnasii
568 1626 871 1708 Aquisgranensis
904 1628 1022 1708 (Dom-

191 1748 325 1826 schule)
343 1751 479 1809 summai
493 1768 571 1808 curn
584 1748 689 1810 laude
702 1747 778 1811 fuit.
795 1747 939 1810 Relicto
954 1749 1022 1810 cle-

191 1868 343 1931 ricorum
373 1869 605 1931 saecularium
634 1879 729 1932 statu
757 1872 957 1932 sacrum·b.
982 1869 1021 1930 P.

193 1992 380 2053 Benedicti
404 1991 563 2053 habiturn
588 1992 702 2054 induit
727 2013 755 2055 2.
772 1992 862 2055 Nov.
884 1995 964 2053 1856
988 1991 1023 2053 in

192 2113 366 2175 novitiatu
388 2113 678 2195 congregationis
695 2113 919 2176 Cassinensis
939 2123 1023 2176 tunc

191 2235 368 2316 Perugiae
386 2245 515 2315 erect0,
533 2236 590 2297 die
611 2240 658 2299 15.
675 2235 764 2297 Νον.
786 2239 864 2313 1857
883 2235 1023 2297 sollem-

192 2357 250 2418 nia
273 2367 359 2418 vota
384 2357 500 2418 emisit
526 2357 561 2418 in
586 2359 673 2419 urbe
700 2358 735 2418 in
759 2356 971 2418 monasterio
995 2375 1022 2417 3.

192 2481 294 2541 Pauli
312 2491 414 2571 extra
435 2501 553 2543 muros
578 2481 781 2561 ibidemque
805 2480 1023 2561 aliquamdiu

193 2620 219 2663 3.
242 2601 458 2683 theologiam
482 2602 612 2665 docuit.
637 2602 826 2684 Dirigente
850 2622 891 2663 ac
915 2603 1023 2664 bene·

194 2721 334 2783 dicente
353 2743 487 2784 summo
505 2723 672 2804 pontifice
688 2723 754 2784 Pio
770 2723 837 2785 IX.
855 2722 913 2786 fel.
926 2743 970 2784 m.
987 2722 1023 2784 in

193 2840 420 2906 Germaniam
441 2864 605 2906 reversus
626 2846 659 2905 d.
677 2844 824 2906 Maurus
846 2850 1023 2905 monaste-

192 2965 280 3027 rium
298 2985 324 3029 s,
338 2966 482 3028 Martini
499 2968 687 3028 Beuronae
704 2967 739 3028 in
754 2967 937 3047 provincia
950 2967 1022 3028 Ho-

192 3088 453 3150 henzolleriana
477 3088 600 3168 situm,
625 3089 818 3150 adiuvante
842 3088 877 3149 in
901 3088 1022 3169 primis

192 3209 351 3289 piissima
369 3220 404 3271 et
420 3210 645 3272 serenissima
663 3210 876 3291 principissa
893 3209 1022 3271 Catha-

192 3331 268 3392 rina
282 3332 325 3392 de
335 3331 604 3412 Hohenzollern,
618 3331 841 3412 restauravit,
858 3331 894 3392 in
907 3350 1022 3412 eoque
1061 3331 1064 3410 1

194 3451 250 3514 die
269 3473 318 3529 24.
336 3452 422 3513 Maii
443 3457 521 3514 1863
544 3453 653 3514 vitam
675 3452 906 3514 monasticam
928 3452 1024 3533 prior
1104 3488 1114 3566 7

1190 661 1212 716 l.
1231 661 1413 717 Dissertatio
1430 660 1650 736 philosophica
1665 659 1838 735 despatio
1853 673 1959 717 3113111-

1103 765 1338 838 71013.Βοι111113,
1362 763 1452 836 1848.

1189 868 1225 923 Il.
1243 866 1388 923 Stimmen
1405 887 1458 923 aus
1473 868 1549 923 Rom
1563 886 1627 924 von
1641 867 1709 924 den
1724 867 1959 925 Benedictinern

1102 973 1131 1026 in
1148 970 1192 1027 St.
1211 972 1293 1027 Paul.
1318 968 1346 1049 (i.
1365 991 1390 1028 e.
1409 972 1573 1028 Tractatus
1594 974 1681 1028 varii
1706 991 1726 1028 a
1750 974 1833 1028 Ben.
1854 973 1958 1029 Romae

1102 1075 1140 1131 ad
1168 1095 1192 1131 3.
1221 1076 1344 1132 Paulum
1372 1076 1551 1150 degentibus
1582 1075 1687 1156 editi.)
1723 1075 1958 1142 Schaffbausen,

1104 1179 1226 1236 Hurter.
1250 1180 1340 1252 1859.

1190 1284 1241 1339 Ill.
1266 1284 1328 1340 Der
1345 1283 1523 1340 Gnadcuort
1539 1285 1680 1340 Beuron.
1710 1282 1744 1360 (i.
1773 1304 1805 1341 e.
1830 1287 1958 1360 Peregri-

1103 1389 1185 1443 natio
1202 1406 1289 1442 sacra
1305 1385 1528 1464 Reuronensis.)
1544 1387 1724 1463 Freiburg,
1751 1388 1854 1461 1863.

1190 1492 1240 1548 IV.
1251 1491 1504 1548 Gertrudenbuch
1515 1492 1591 1548 oder
1600 1493 1787 1566 geistliche
1799 1492 1958 1570 Ucbungen

1104 1594 1157 1650 der
1173 1596 1241 1650 hcil.
1257 1595 1403 1671 Jungfrau
1420 1595 1552 1653 Gertrud
1575 1615 1652 1653 vom
1672 1597 1794 1655 Orden
1822 1599 1880 1655 des
1900 1601 1957 1657 11311

1104 1699 1255 1755 Benedict.
1273 1696 1302 1776 (i.
1317 1718 1343 1756 e.
1362 1699 1455 1755 Liber
1468 1720 1491 1756 s.
1503 1699 1701 1780 GertrudiS.)
1724 1700 1958 1771 Schaffhausen.

1104 1803 1226 1860 Hurter.
1248 1802 1338 1875 1864.
1357 1819 1386 1859 2.
1403 1805 1480 1859 Aufl.
1503 1803 1594 1877 1871.

1190 1926 1225 1981 V.
1255 1926 1312 1981 Die
1339 1927 1509 1982 rrimischen
1533 1927 1784 1985 Katakomben.
1814 1925 1846 2007 (i.
1873 1950 1900 1987 e.
1921 1931 1960 1986 De

1105 2028 1289 2085 catacumbis
1304 2027 1469 2107 Romanis.)
1482 2031 1662 2086 Broschiire
1677 2033 1741 2089 des
1758 2033 1956 2090 Frankfurter

1104 2134 1426 2201 Broschiiremereins,
1441 2134 1544 2209 Jahrg.
1567 2132 1667 2208 1867.
1696 2137 1770 2193 In’s
1790 2139 1958 2214 Englischc,

1105 2238 1342 2305 Franzrisische,
1381 2237 1548 2313 Spanische
1589 2239 1657 2295 und
1700 2241 1958 2317 Portugiesischc

1104 2341 1267 2398 iibcrsetzt.

1191 2447 1240 2502 VI.
1259 2445 1467 2502 Ceremoniale
1483 2446 1536 2501 der
1552 2446 1625 2502 heil.
1648 2448 1796 2507 Profess
1816 2451 1961 2509 0113103-

1104 2549 1349 2623 liibdcablegung
1373 2551 1448 2605 nach
1472 2550 1526 2605 der
1542 2550 1646 2624 Regel
1676 2553 1742 2610 des
1769 2556 1848 2612 heil.
1865 2558 1962 2613 Vaters

1105 2655 1284 2711 Benedictus
1313 2657 1341 2710 in
1370 2654 1424 2709 der
1447 2653 1536 2710 Abtei
1562 2675 1587 2711 s.
1612 2657 1745 2715 Martin
1773 2681 1816 2716 zu
1843 2663 1961 2717 Beuron.

1104 2757 1133 2838 (i.
1159 2779 1185 2815 e.
1214 2759 1443 2815 Caeremoniale
1471 2760 1698 2841 monasticon.)
1736 2763 1961 2841 Sigmaringen.

1105 2864 1247 2920 Liehncr.
1269 2863 1360 2920 1868.

1190 2968 1256 3024 Vll.
1274 2969 1395 3024 Psallite
1412 2964 1580 3043 sapienter!
1600 2969 1765 3028 Psalliret
1785 2972 1898 3031 weise!
1914 2976 1959 3030 Er·

1104 3072 1234 3146 klarung
1247 3072 1300 3127 der
1312 3072 1449 3128 Psalmcn
1463 3073 1499 3127 im
1509 3071 1618 3128 Geiste
1635 3061 1699 3130 des
1714 3074 1958 3137 betrachtendeu

1104 3176 1221 3233 Cebets
1239 3175 1296 3231 und
1313 3176 1367 3231 der
1383 3177 1530 3249 Liturgic.
1555 3176 1637 3232 Dem
1663 3178 1791 3238 Clesus
1816 3184 1879 3238 und
1893 3182 1960 3240 110111

1104 3281 1264 3352 gewidmet
1289 3300 1349 3336 von
1372 3281 1424 3336 Dr.
1442 3281 1563 3335 Maurus
1580 3281 1716 3338 Wolter
1742 3304 1778 3341 o.
1798 3306 1825 3343 s.
1844 3290 1889 3353 Β.,
1908 3285 1960 3342 Abt

1103 3404 1162 3441 von
1176 3385 1220 3441 St.
1231 3386 1339 3440 Martin
1352 3405 1387 3440 zu
1400 3387 1528 3440 Beuron.
1543 3383 1718 3462 Freiburg,
1731 3391 1874 3448 Herder.
1885 3393 1907 3447 l.
1917 3391 1960 3446 Bd.

1116 3491 1163 3545 Ρ3.
1179 3487 1301 3567 1-35),
1314 3488 1390 3561 1871
1404 3486 1586 3566 (vergriffen,
1597 3488 1685 3546 eben
1696 3495 1958 3573 2.Aun.);11.ssu.

193 3594 271 3636 cum
289 3574 395 3635 sociis
413 3574 572 3638 instituit.
596 3574 787 3637 Crescente
809 3584 927 3636 autem
951 3592 1023 3635 mo·
1062 3560 1065 3649 1
1104 3591 1163 3669 (Ps.
1181 3591 1570 3671 30-71)‚1876;111.Bd.
1584 3590 1649 3672 (Ps.
1666 3599 1860 3676 72—100),
1880 3598 1959 3670 1878.

193 3696 385 3758 nachorum
413 3715 558 3757 numero
585 3696 726 3757 Romae
755 3696 813 3757 die
844 3715 893 3757 20.
923 3693 1023 3776 Sept.

198 3821 277 3878 1868
303 3819 348 3878 ab
374 3817 475 3879 emin.
498 3817 629 3879 cardin.
654 3816 781 3879 comite
804 3819 848 3878 de
863 3816 1024 3878 Reisach

192 3940 326 4020 primus
336 3940 576 4001 Beuronensis
589 3942 702 4001 abbas
716 3939 933 4000 sollemniter
942 3958 1023 4000 con-

193 4073 352 4124 secratus
370 4071 405 4124 et
422 4062 455 4123 in
469 4061 562 4123 festo
576 4083 602 4123 3.
615 4048 760 4123 Rosarii
775 4064 815 4144 (4.
827 4061 918 4140 Oct.)
933 4061 1023 4123 eius·

192 4184 272 4243 dem
296 4183 378 4244 anni
404 4183 591 4244 Beuronae
616 4193 670 4246 est
694 4184 904 4245 installatus,
930 4183 1023 4244 Exul

192 4322 270 4363 cunr
288 4313 465 4364 conventu
483 4305 529 4363 ab
545 4322 637 4364 anno
660 4307 737 4381 1875
757 4303 792 4364 in
809 4305 909 4385 asylo
922 4303 1022 4364 Tiro-

175 4423 282 4508 ,lensi
309 4436 425 4504 prope‘
440 4424 592 4485 Volders
622 4426 758 4506 degens
767 4473 776 4505 ,
805 4445 826 4485 a
852 4423 1022 4485 facultate

191 4547 345 4627 theolog.
371 4545 614 4607 universitatis
631 4545 871 4627 Tubingensis
892 4545 949 4607 die
975 4566 1022 4608 10.

194 4669 287 4750 Aug.
321 4673 399 4746 1877
433 4688 459 4730 3.
489 4669 692 4751 theologiae
724 4670 849 4731 doctor
880 4668 1021 4730 honoris

192 4810 299 4852 causa
323 4799 463 4852 creatus
486 4800 551 4853 est.
579 4790 744 4872 Denique
769 4793 882 4853 abbas
906 4790 1022 4852 factus

193 4912 399 4973 monasterii
431 4912 520 4994 regii
552 4912 592 4974 B.
624 4913 759 4976 Mariae
788 4912 946 4994 Virginis
978 4914 1022 4974 de

192 5033 603 5095 Monteserrato-Emaus
624 5034 780 5115 Pragae,
803 5033 1024 5095 Beuronensi

193 5154 382 5216 conventui
400 5155 456 5215 die
478 5177 503 5217 1.
520 5155 623 5216 Febr.
646 5160 727 5215 1880
744 5154 875 5217 traditi.

278 5275 408 5356 Opera,
435 5296 527 5356 quae
544 5295 616 5337 rev.
635 5276 748 5336 abbas
764 5274 918 5355 scripsit,
941 5284 1023 5337 sunt

194 5396 270 5458 fere
286 5399 391 5458 haec:

1190 3698 1271 3754 Vlll.
1289 3699 1457 3772 Praecipua
1470 3699 1630 3753 monastici
1649 3700 1784 3758 ordinis
1804 3703 1958 3760 elementa

1106 3802 1234 3877 Brugae,
1252 3815 1373 3876 typogr.
1391 3801 1423 3858 S.
1441 3803 1610 3875 Augustini.
1636 3801 1742 3861 1880.

1191 3929 1502 4002 Womatschka
1518 3940 1765 4007 Othmarus
1779 3946 1959 4026 (8001311-

1104 4056 1185 4137 313),
1202 4056 1364 4119 Viennae
1382 4057 1415 4118 in
1433 4056 1578 4119 Austria
1601 4058 1663 4119 die
1687 4081 1749 4126 21.
1768 4064 1866 4128 Dec.
1888 4069 1955 4140 1841

1105 4189 1219 4258 natuS,
1237 4199 1316 4241 cum
1333 4180 1436 4241 bonis
1458 4179 1584 4241 litteris
1605 4179 1643 4241 in
1666 4189 1882 4264 gymnasio
1899 4189 1958 4249 Β3-

1104 4301 1361 4364 113111011110111111
1384 4305 1429 4364 ad
1452 4301 1579 4365 Scotos
1600 4319 1803 4389 vacasset,
1830 4310 1958 4372 ibidem

1104 4422 1161 4483 die
1187 4427 1233 4486 15.
1252 4422 1352 4504 Sept.
1374 4428 1449 4485 1861
1476 4444 1502 4484 s.
1523 4421 1650 4485 habitu
1676 4425 1856 4511 indutuS,
1882 4440 1960 4494 vota

1104 4543 1221 4606 emisit
1238 4544 1421 4605 sollemnia
1435 4543 1491 4605 die
1509 4565 1533 4606 1.
1544 4543 1623 4606 Oct.
1640 4552 1745 4611 1865.
1766 4552 1960 4616 Absolutis

1104 4666 1232 4727 deinde
1249 4687 1275 4728 s.
1293 4667 1496 4748 theologiae
1520 4665 1554 4726 in
1575 4667 1673 4730 univ.
1692 4671 1871 4741 Vindob.
1894 4691 1959 4739 stu·

1105 4789 1171 4849 diis
1189 4789 1449 4869 celebratisque
1465 4789 1523 4850 die
1544 4792 1592 4850 15.
1612 4789 1718 4874 Aug.
1741 4802 1831 4860 1865
1851 4821 1880 4862 3.
1894 4799 1959 4882 pri·

1104 4911 1226 4991 mitiis,
1255 4911 1491 4992 professorem
1519 4910 1595 4993 egit
1620 4917 1875 4995 supplentem
1900 4923 1958 4984 lin-

1104 5053 1198 5115 guae
1212 5031 1445 5095 Germanicae
1458 5033 1493 5094 in
1508 5053 1537 5094 c.
1547 5053 1573 5094 r.
1584 5040 1793 5114 gymnasio
1811 5046 1863 5106 ad
1878 5043 1958 5108 Sco-

1104 5165 1170 5234 103,
1188 5156 1301 5216 donec
1318 5175 1410 5216 anno
1431 5158 1510 5234 1878
1532 5174 1640 5217 curae
1663 5161 1884 5228 animarum
1901 5168 1957 5228 ad-

1105 5277 1220 5338 dictus
1243 5287 1454 5357 cooperator
1476 5276 1690 5358 designatus
1711 5290 1956 5368 3317110231-

1104 5398 1271 5459 lerndorf.
