4222 6106
922 490 1179 558 ...4..

183 674 448 737 administrator
464 674 653 755 parochiae
673 673 708 746 in
730 694 756 735 s.
773 683 902 756 monte,
928 678 1007 736 1803

184 799 229 859 ad
251 800 329 858 1808
350 796 530 877 professor
549 796 633 858 iuris
654 807 690 858 et
708 796 876 859 historiae
898 796 1009 858 00010-

183 919 348 982 510511000
368 918 508 999 Iaurini,
534 923 702 982 1808-10
726 917 918 999 spiritualis
944 917 1009 979 ibi-

184 1043 274 1124 dem,
297 1046 463 1119 1810-14
484 1041 644 1121 superior
663 1042 787 1103 domus
808 1040 843 1103 in
863 1039 1009 1102 abbatia

184 1166 224 1228 B.
246 1164 293 1226 M.
315 1165 358 1226 V.
380 1165 425 1226 de
443 1163 608 1247 Diimiilk,
633 1183 678 1225 ex
702 1182 744 1226 eo
768 1164 885 1225 denuo
908 1160 1010 1242 spiri-

184 1287 289 1350 tualis
308 1286 448 1369 Iaurini,
472 1287 532 1349 ubi
552 1286 610 1348 die
632 1295 682 1365 20.
702 1285 806 1347 Mart.
833 1287 910 1346 1815
936 1283 1010 1345 vita

184 1409 301 1472 cessit.
326 1407 489 1490 Scripsit:

271 1526 486 1601 Compendium
503 1526 645 1583 historiae
661 1525 809 1582 ecclesiae
821 1525 1010 1591 christianae,

183 1629 223 1687 ab
242 1629 279 1686 Α.
301 1631 336 1687 R.
357 1650 393 1687 ac
414 1631 458 1686 Cl.
475 1631 507 1686 P.
524 1630 683 1687 Valentino
700 1627 853 1685 Barbarits
873 1627 911 1701 O.
929 1626 960 1683 S.
976 1629 1010 1682 B.

184 1735 221 1791 de
245 1755 269 1791 s.
295 1736 398 1792 Monte
419 1736 605 1802 Pannoniae,
630 1754 654 1790 s.
679 1734 851 1807 theologiae
874 1731 1010 1798 doctore,

184 1841 327 1896 historiae
343 1838 568 1896 ecclesiasticae
584 1852 615 1895 et
631 1839 846 1894 institutionum
863 1836 1012 1909 theologi·

185 1963 286 2000 carum
299 1942 475 2019 professore
485 1943 655 2011 deductum,
669 1942 793 2018 propria
806 1960 893 1996 manu
906 1959 1011 1996 exara-

185 2061 245 2104 tum
262 2062 292 2104 et
308 2048 492 2124 praelectum
509 2048 626 2104 clericis
640 2047 678 2103 0.
691 2047 724 2102 S.
738 2047 770 2102 B.
789 2043 868 2102 1806
885 2057 915 2100 et
932 2042 1011 2101 1808

185 2154 303 2209 laurini.
324 2160 367 2225 4⁰.
384 2152 447 2226 408
464 2172 494 2228 p.
514 2155 570 2209 Ms.
587 2152 716 2208 Adserv.
734 2153 762 2207 in
777 2149 849 2207 bibl.
866 2153 895 2205 in
911 2162 1012 2204 monte

186 2276 284 2314 sacro.

271 2367 454 2464 Barbe‘ly
491 2378 685 2441 Astricus
720 2379 781 2459 (de
812 2395 839 2439 s.
870 2375 1011 2437 Monte

185 2496 446 2578 Pannoniae),
472 2496 507 2558 in
530 2496 621 2559 Tata
647 2515 733 2558 com.
758 2494 952 2557 Comarom.
977 2494 1010 2554 in

185 2617 371 2700 Hungaria
400 2617 457 2678 die
489 2639 539 2679 21.
567 2618 642 2680 Iun.
676 2622 755 2696 1796
787 2627 909 2698 natus,
948 2615 1005 2677 die

188 2745 237 2803 28.
250 2738 328 2802 Oct.
344 2743 421 2802 1813
437 2759 463 2802 s,
476 2739 600 2802 habitu
616 2740 769 2820 indutus,
787 2739 843 2801 die
856 2745 907 2801 31.
917 2739 1011 2821 Aug.

191 2867 269 2941 1817
283 2870 368 2925 vota
384 2861 567 2925 sollemnia
584 2861 709 2925 emisit.
725 2862 829 2924 Aba.
847 2865 1015 2939 1817—20

186 2985 411 3067 Comaromii,
444 2990 614 3046 1820—21
643 2983 772 3047 Iaurini
795 2981 911 3045 officio
935 3002 1015 3063 pro-

185 3107 330 3171 fessoris
345 3106 496 3188 functus,
517 3108 631 3168 redux
651 3105 687 3167 in
707 3125 733 3168 s.
755 3115 909 3168 montem
934 3110 1010 3167 1821

130 3259 132 3263 ·
187 3233 232 3293 ad
253 3235 332 3307 1824
357 3249 383 3291 5.
407 3229 609 3313 theologiae
630 3228 755 3290 studiis
775 3229 927 3310 vacavit,
948 3230 1015 3290 hoc

185 3373 273 3417 vero
285 3371 377 3416 anno
390 3352 447 3414 die
458 3357 508 3415 26.
518 3350 618 3432 Sept.
632 3353 821 3434 presbyter
833 3351 1015 3414 ordinatus

187 3486 250 3538 est.
273 3478 441 3551 1824-30
460 3472 641 3553 professor
659 3473 835 3555 gymnasii
853 3471 1015 3535 Ginsien-

187 3599 246 3680 515,
266 3602 429 3659 1830—32
448 3597 482 3658 in
499 3615 526 3659 s.
539 3607 659 3658 monte
675 3595 937 3659 administrator
953 3614 1015 3675 pa-

187 3720 338 3800 rochiae,
362 3722 526 3781 1832-38
543 3718 637 3779 idem
653 3714 826 3798 simulque
843 3716 1015 3796 subprior,

193 3847 360 3921 1838-30
377 3841 539 3922 provisor
551 3842 675 3902 domus
687 3839 827 3921 ibidem,
849 3843 1011 3916 1839-41

188 3965 451 4028 administrator
471 3962 660 4055 parochiae
680 3963 715 4024 in
731 3961 823 4043 Laizi,
849 3964 1016 4038 1811-11,

188 4085 477 4148 bibliothecarius
494 4094 530 4146 et
544 4094 753 4165 cooperator
767 4084 801 4145 in
814 4082 959 4146 abbatia
972 4083 1016 4143 de

190 4209 220 4270 T
222 4209 339 4291 ihany,
361 4212 526 4286 1844-47
545 4207 706 4288 provisor
723 4209 846 4269 domus
860 4216 896 4268 et
908 4205 1017 4268 admi·

189 4332 356 4394 nistrator
372 4329 561 4410 parochiae
577 4330 612 4392 in
629 4329 773 4391 abbatia
790 4331 834 4391 de
851 4329 1017 4410 Bakony-

189 4454 258 4535 1101,
291 4458 456 4532 1847—49
484 4451 749 4514 administrator
775 4450 966 4532 parochiae
982 4450 1017 4512 in

189 4576 289 4657 FiisS,
317 4594 386 4657 quo
407 4594 499 4636 anno
523 4574 579 4635 die
605 4595 651 4636 12.
669 4574 744 4636 Iun.
761 4574 819 4654 pie
840 4574 875 4634 in
898 4572 1018 4634 Domi-

189 4720 235 4764 no
253 4696 475 4761 obdormivit.
498 4693 663 4776 Scripsit:

277 4816 298 4872 1.
320 4815 454 4871 Diarium
475 4813 636 4888 parochiae
657 4811 760 4888 oppidi
782 4810 1018 4868 Szent·Mairton.

190 4921 216 4977 11
231 4920 351 4996 1.Sept.
365 4920 433 4975 anni
452 4917 527 4990 1831
546 4917 689 4992 usquead
704 4931 749 4989 13.
760 4916 839 4991 Aug.
854 4919 921 4971 anni
939 4915 1018 4989 1838

190 5039 382 5081 connotatum
393 5037 424 5078 et
436 5023 557 5079 ductum
567 5020 606 5077 ab
616 5020 738 5078 Astrico
748 5019 876 5094 Barbely
886 5021 1020 5096 parocho

191 5142 221 5184 et
233 5127 400 5202 subpriore.
415 5134 457 5183 2⁰.
475 5140 534 5200 140
546 5145 576 5202 p.
590 5126 646 5181 Ms.
656 5124 784 5181 Adserv.
798 5127 826 5179 in
838 5122 1022 5180 bibliotheca

192 5250 220 5287 111
236 5245 337 5287 11101116
353 5249 449 5288 82010.

277 5335 314 5390 ll.
332 5334 421 5410 Eggy
433 5354 557 5410 magyar
570 5335 710 5391 torteneti
728 5334 905 5390 lexikonhoz
918 5330 1022 5389 016116·

192 5440 295 5496 sziileti
319 5439 447 5495 tdrede'k
467 5439 588 5495 adatok.
617 5435 647 5516 (i.
667 5458 693 5495 e.
716 5438 872 5508 Quaedam
890 5438 927 5493 ad
949 5438 1021 5493 lexi-

1088 696 1146 734 con
1157 677 1331 733 historicum
1346 673 1607 754 componendum.)
1622 674 1787 749 hlellyeket
1800 671 1919 748 eggybe

1088 782 1276 856 gyiijtrigetni
1291 779 1410 836 kezdett
1420 777 1549 856 Barbe'ly
1558 779 1689 847 Asztrik‚
1699 796 1820 854 pannon
1832 778 1920 852 hegyi

1087 907 1129 943 sz.
1146 885 1311 942 Martonrdl
1328 898 1466 941 nevezett
1478 885 1502 938 F
1504 881 1523 939 ὅ
1536 883 1756 940 Monostornak
1771 902 1813 939 sz.
1827 883 1920 938 Bene·

1088 991 1146 1046 dek
1167 989 1260 1046 rendli
1281 987 1440 1062 aildoza'trja,
1463 989 1536 1044 mint
1552 988 1680 1062 'lihanyi
1698 985 1921 1060 konyvtr'trnok,

1093 1094 1183 1168 1843.
1200 1092 1306 1150 e'vben.
1325 1100 1366 1148 2⁰.
1384 1106 1492 1168 5201).
1509 1092 1566 1148 us.
1583 1093 1702 1148 adserv.
1722 1089 1792 1146 ibid.

1174 1277 1396 1347 Baumann
1419 1283 1640 1346 Michaelis
1664 1281 1923 1368 (Scotensis),

1088 1402 1309 1484 Veszprimii,
1322 1402 1357 1463 in
1370 1399 1580 1483 Hungariae
1596 1400 1740 1481 oppidu,
1757 1400 1792 1462 in
1809 1400 1925 1462 lucem

1091 1526 1207 1589 editus
1219 1525 1276 1588 die
1291 1543 1318 1603 7.
1331 1524 1394 1586 Iul.
1412 1541 1503 1605 1792,
1523 1522 1654 1585 ibidem
1674 1523 1787 1584 bonas
1803 1522 1926 1584 literas

1090 1647 1223 1710 didicit.
1247 1646 1470 1709 Adolescens
1490 1644 1641 1725 primum
1656 1643 1749 1706 inter
1763 1644 1926 1705 alumnos

1091 1769 1268 1832 seminarii
1296 1767 1510 1849 episcopalis
1538 1776 1727 1847 susceptus
1752 1785 1834 1829 curn
1857 1774 1926 1828 ter·

1090 1891 1178 1955 tium
1201 1890 1308 1954 studii
1332 1888 1522 1971 theologici
1543 1907 1683 1950 cursum
1699 1886 1926 1968 absolvisset,

1091 2013 1236 2075 illustris
1264 2012 1446 2093 cujusdam
1477 2009 1542 2072 viri
1573 2009 1770 2090 patrocinio
1803 2008 1927 2071 abbati

1091 2137 1137 2198 ad
1165 2133 1292 2199 Scotos
1319 2133 1584 2196 commendatus
1607 2131 1730 2194 habitu
1757 2131 1926 2193 benedic·

1092 2257 1165 2320 tino
1190 2257 1334 2319 indutus
1358 2264 1413 2318 est
1436 2254 1494 2317 die
1523 2274 1571 2332 14.
1593 2252 1670 2317 Oct.
1698 2258 1788 2315 1815.
1821 2252 1926 2316 Votis

1091 2399 1177 2442 vero
1199 2378 1416 2441 sollemniter
1435 2377 1571 2439 emissis
1595 2376 1652 2438 die
1676 2379 1706 2437 5.
1727 2372 1808 2438 Oct.
1834 2379 1925 2456 1817,

1093 2500 1150 2562 die
1167 2504 1195 2563 8.
1213 2499 1299 2562 Dec.
1322 2500 1479 2580 ejusdem
1503 2497 1585 2560 anni
1611 2496 1785 2578 primitias
1811 2516 1926 2559 sacer-

1093 2621 1177 2685 dotii
1205 2621 1408 2683 celebravit.
1445 2620 1533 2682 Mox
1559 2620 1658 2682 vices
1683 2618 1926 2699 cooperatoris

1093 2744 1210 2805 subire
1224 2744 1343 2825 jussus
1365 2742 1470 2804 estin
1488 2739 1742 2822 Gaunersdors,
1766 2741 1852 2803 inde
1869 2759 1924 2802 co·

1093 2875 1316 2947 operatorem
1333 2871 1409 2946 egit
1424 2867 1470 2927 ad
1487 2884 1514 2926 5.
1528 2864 1653 2927 Afram
1668 2864 1704 2926 in
1717 2861 1929 2946 Eggendorf

1093 2989 1128 3051 in
1141 2989 1235 3051 valle
1252 2998 1390 3068 septem
1407 3006 1528 3050 annos.
1545 2987 1671 3048 Mense
1683 2987 1747 3048 Iul.
1764 2990 1923 3064 1824110-

1095 3121 1195 3174 catus
1208 3111 1242 3173 in
1258 3110 1473 3192 suburbium,
1487 3110 1543 3172 cui
1555 3128 1683 3172 nornen
1694 3108 1830 3188 Campo
1843 3105 1925 3171 Seo-

1095 3244 1218 3313 torum,
1230 3251 1295 3312 per
1305 3232 1513 3294 decennium
1525 3231 1560 3293 in
1572 3249 1759 3293 numeroso
1771 3228 1926 3291 fidelium

1094 3375 1224 3438 grege,
1256 3364 1381 3434 utpote
1408 3354 1555 3436 triginta
1582 3353 1690 3415 millia
1718 3353 1926 3432 excedente,

1094 3480 1241 3542 multum
1264 3477 1395 3539 laboris
1422 3487 1530 3558 atque
1554 3494 1685 3556 operae
1708 3475 1743 3536 in
1767 3473 1947 3536 erudien-

1096 3604 1160 3664 dos
1186 3601 1458 3663 catechumenos
1482 3599 1724 3678 populumque
1747 3595 1946 3679 evangeli-

1095 3723 1244 3784 randum
1274 3719 1472 3800 insumpsit.
1507 3718 1613 3781 Anno
1645 3722 1726 3794 1831,
1752 3717 1940 3797 parochus

1095 3844 1211 3908 factus
1235 3854 1289 3905 est
1317 3843 1467 3923 primum
1495 3841 1529 3905 111
1553 3838 1820 3922 Waitzendorf,
1850 3842 1939 3902 1838

1096 3967 1131 4029 in
1152 3963 1485 4047 Kleinengersdorf,
1511 3965 1650 4025 demum
1679 3965 1755 4039 1841
1785 3960 1936 4023 11111101-

1096 4089 1255 4170 tinsdorf,
1283 4088 1343 4150 ubi
1368 4095 1516 4168 praeter
1542 4085 1654 4147 fatum
1681 4094 1737 4146 est
1759 4092 1930 4146 mortuus.

1097 4212 1260 4275 Amicum
1284 4210 1376 4272 enim
1399 4208 1542 4290 publico
1565 4225 1709 4270 munere
1729 4206 1766 4267 in
1786 4205 1930 4268 Hohen-

1096 4332 1332 4415 ruppersdorf
1359 4331 1567 4413 fungentem
1602 4329 1791 4403 inviserat3
1837 4329 1927 4390 unde

1098 4476 1177 4518 cum
1193 4473 1344 4535 vespere
1362 4454 1503 4514 domum
1523 4451 1617 4513 viam
1638 4461 1814 4532 carperet,
1835 4448 1926 4512 haud

1098 4579 1220 4660 procul
1241 4574 1476 4656 hospitalibus
1497 4572 1601 4635 tectis
1617 4573 1781 4652 sclopeto
1806 4590 1855 4633 ex
1879 4571 1925 4633 in·

1098 4700 1196 4762 sidiis
1212 4697 1332 4759 lethali
1345 4697 1492 4758 vulnere
1505 4693 1669 4757 adfectus
1682 4693 1926 4774 prosternitur.

1099 4822 1212 4903 Quem
1230 4819 1402 4902 sanguine
1424 4819 1626 4880 madentem
1646 4815 1769 4878 rustici
1787 4814 1927 4896 quidam

1100 4945 1363 5022 adolescentes,
1398 4939 1457 5022 qui
1484 4939 1575 5001 forte
1603 4954 1865 5018 supervenere,
1895 4934 1929 4996 in

1100 5065 1297 5148 proximam
1325 5065 1465 5124 domum
1496 5061 1702 5141 retulerunt,
1734 5057 1795 5119 ubi
1827 5056 1929 5119 mori·

1100 5190 1221 5251 bundo
1242 5194 1463 5250 sacramenta
1487 5184 1653 5264 excipere
1675 5180 1823 5244 coelesti
1844 5198 1930 5241 sane

1100 5309 1273 5374 beneficio
1288 5309 1400 5382 licuit;
1425 5307 1590 5370 continuo
1606 5324 1691 5367 vero
1710 5312 1831 5366 mente
1847 5302 1931 5365 alie·

1101 5441 1206 5494 natus
1234 5438 1315 5511 post
1340 5437 1491 5510 quatuor
1516 5429 1621 5490 horas
1644 5426 1737 5489 inter
1759 5425 1933 5488 immanes
