<?xml version="1.0" encoding="UTF-8"?>
<!DOCTYPE html PUBLIC "-//W3C//DTD XHTML 1.0 Transitional//EN"
    "http://www.w3.org/TR/xhtml1/DTD/xhtml1-transitional.dtd">
<html xmlns="http://www.w3.org/1999/xhtml" xml:lang="en" lang="en">
 <head>
  <title>
</title>
<meta http-equiv="Content-Type" content="text/html;charset=utf-8" />
  <meta name='ocr-system' content='tesseract 3.04.00' />
  <meta name='ocr-capabilities' content='ocr_page ocr_carea ocr_par ocr_line ocrx_word'/>
</head>
<body>
  <div class='ocr_page' id='page_1' title='image "./scriptoresordin01austgoog_0230.png"; bbox 0 0 4252 6112; ppageno 0'>
   <div class='ocr_carea' id='block_1_1' title="bbox 192 653 1026 3428">
    <p class='ocr_par' dir='ltr' id='par_1_1' title="bbox 192 653 1026 3428">
     <span class='ocr_line' id='line_1_1' title="bbox 193 653 1026 734; baseline -0.005 -14"><span class='ocrx_word' id='word_1_1' title='bbox 193 655 381 721; x_wconf 91' lang='lat' dir='ltr'>Bonndorf</span> <span class='ocrx_word' id='word_1_2' title='bbox 393 656 497 720; x_wconf 92' lang='lat' dir='ltr'>aliam</span> <span class='ocrx_word' id='word_1_3' title='bbox 514 656 655 716; x_wconf 94' lang='lat' dir='ltr'>domum</span> <span class='ocrx_word' id='word_1_4' title='bbox 672 653 800 717; x_wconf 69' lang='lat' dir='ltr'>coemit</span> <span class='ocrx_word' id='word_1_5' title='bbox 811 672 876 734; x_wconf 91' lang='lat' dir='ltr'>pro</span> <span class='ocrx_word' id='word_1_6' title='bbox 888 655 1026 718; x_wconf 91' lang='lat' dir='ltr'>habita-</span> 
     </span>
     <span class='ocr_line' id='line_1_2' title="bbox 195 777 1024 861; baseline -0.002 -19"><span class='ocrx_word' id='word_1_7' title='bbox 195 781 272 842; x_wconf 87' lang='lat' dir='ltr'>culo</span> <span class='ocrx_word' id='word_1_8' title='bbox 297 779 504 861; x_wconf 92' lang='lat' dir='ltr'>quaestoris.</span> <span class='ocrx_word' id='word_1_9' title='bbox 540 777 685 841; x_wconf 89' lang='lat' dir='ltr'>Maioris</span> <span class='ocrx_word' id='word_1_10' title='bbox 709 777 877 860; x_wconf 88' lang='lat' dir='ltr'>ponderis</span> <span class='ocrx_word' id='word_1_11' title='bbox 904 788 1024 841; x_wconf 91' lang='lat' dir='ltr'>autem</span> 
     </span>
     <span class='ocr_line' id='line_1_3' title="bbox 195 900 1024 983; baseline -0.002 -19"><span class='ocrx_word' id='word_1_12' title='bbox 195 911 232 964; x_wconf 88' lang='lat' dir='ltr'>et</span> <span class='ocrx_word' id='word_1_13' title='bbox 247 901 409 964; x_wconf 85' lang='lat' dir='ltr'>utilitatis</span> <span class='ocrx_word' id='word_1_14' title='bbox 426 910 502 964; x_wconf 91' lang='lat' dir='ltr'>erat</span> <span class='ocrx_word' id='word_1_15' title='bbox 520 902 626 983; x_wconf 91' lang='lat' dir='ltr'>plena</span> <span class='ocrx_word' id='word_1_16' title='bbox 647 900 841 963; x_wconf 91' lang='lat' dir='ltr'>iurisdictio</span> <span class='ocrx_word' id='word_1_17' title='bbox 863 920 941 962; x_wconf 91' lang='lat' dir='ltr'>curn</span> <span class='ocrx_word' id='word_1_18' title='bbox 962 902 1024 962; x_wconf 90' lang='lat' dir='ltr'>ad-</span> 
     </span>
     <span class='ocr_line' id='line_1_4' title="bbox 194 1022 1023 1105; baseline -0.001 -20"><span class='ocrx_word' id='word_1_19' title='bbox 194 1024 423 1087; x_wconf 83' lang='lat' dir='ltr'>haerentibus</span> <span class='ocrx_word' id='word_1_20' title='bbox 440 1023 605 1086; x_wconf 90' lang='lat' dir='ltr'>censibus</span> <span class='ocrx_word' id='word_1_21' title='bbox 626 1023 774 1105; x_wconf 90' lang='lat' dir='ltr'>aliisque</span> <span class='ocrx_word' id='word_1_22' title='bbox 794 1022 968 1085; x_wconf 88' lang='lat' dir='ltr'>fructibus</span> <span class='ocrx_word' id='word_1_23' title='bbox 987 1022 1023 1085; x_wconf 91' lang='lat' dir='ltr'>in</span> 
     </span>
     <span class='ocr_line' id='line_1_5' title="bbox 194 1144 1024 1227; baseline 0 -20"><span class='ocrx_word' id='word_1_24' title='bbox 194 1165 289 1227; x_wconf 89' lang='lat' dir='ltr'>pago</span> <span class='ocrx_word' id='word_1_25' title='bbox 299 1145 539 1227; x_wconf 89' lang='lat' dir='ltr'>Buggenried,</span> <span class='ocrx_word' id='word_1_26' title='bbox 550 1164 655 1226; x_wconf 90' lang='lat' dir='ltr'>quam</span> <span class='ocrx_word' id='word_1_27' title='bbox 668 1164 690 1205; x_wconf 93' lang='lat' dir='ltr'>a</span> <span class='ocrx_word' id='word_1_28' title='bbox 702 1144 916 1206; x_wconf 90' lang='lat' dir='ltr'>monasterio</span> <span class='ocrx_word' id='word_1_29' title='bbox 925 1144 1024 1207; x_wconf 88' lang='lat' dir='ltr'>Rhe·</span> 
     </span>
     <span class='ocr_line' id='line_1_6' title="bbox 195 1266 1024 1349; baseline 0 -20"><span class='ocrx_word' id='word_1_30' title='bbox 195 1266 391 1349; x_wconf 90' lang='lat' dir='ltr'>naugiensi,</span> <span class='ocrx_word' id='word_1_31' title='bbox 413 1266 474 1328; x_wconf 90' lang='lat' dir='ltr'>lite</span> <span class='ocrx_word' id='word_1_32' title='bbox 496 1267 555 1328; x_wconf 91' lang='lat' dir='ltr'>diu</span> <span class='ocrx_word' id='word_1_33' title='bbox 572 1267 710 1349; x_wconf 87' lang='lat' dir='ltr'>agitata</span> <span class='ocrx_word' id='word_1_34' title='bbox 726 1268 866 1329; x_wconf 91' lang='lat' dir='ltr'>demum</span> <span class='ocrx_word' id='word_1_35' title='bbox 883 1285 1024 1348; x_wconf 90' lang='lat' dir='ltr'>compo-</span> 
     </span>
     <span class='ocr_line' id='line_1_7' title="bbox 194 1388 1024 1471; baseline 0 -21"><span class='ocrx_word' id='word_1_36' title='bbox 194 1389 271 1471; x_wconf 87' lang='lat' dir='ltr'>sita,</span> <span class='ocrx_word' id='word_1_37' title='bbox 298 1389 422 1452; x_wconf 90' lang='lat' dir='ltr'>solutis</span> <span class='ocrx_word' id='word_1_38' title='bbox 442 1399 497 1451; x_wconf 90' lang='lat' dir='ltr'>ter</span> <span class='ocrx_word' id='word_1_39' title='bbox 516 1389 610 1451; x_wconf 89' lang='lat' dir='ltr'>mille</span> <span class='ocrx_word' id='word_1_40' title='bbox 630 1388 772 1452; x_wconf 88' lang='lat' dir='ltr'>florenis</span> <span class='ocrx_word' id='word_1_41' title='bbox 795 1398 831 1452; x_wconf 92' lang='lat' dir='ltr'>et</span> <span class='ocrx_word' id='word_1_42' title='bbox 847 1388 1024 1451; x_wconf 87' lang='lat' dir='ltr'>concessis</span> 
     </span>
     <span class='ocr_line' id='line_1_8' title="bbox 195 1509 1025 1593; baseline -0.002 -20"><span class='ocrx_word' id='word_1_43' title='bbox 195 1511 406 1593; x_wconf 91' lang='lat' dir='ltr'>quibusdam</span> <span class='ocrx_word' id='word_1_44' title='bbox 432 1511 557 1574; x_wconf 83' lang='lat' dir='ltr'>annuis</span> <span class='ocrx_word' id='word_1_45' title='bbox 581 1512 745 1574; x_wconf 87' lang='lat' dir='ltr'>censibus</span> <span class='ocrx_word' id='word_1_46' title='bbox 769 1511 804 1573; x_wconf 92' lang='lat' dir='ltr'>in</span> <span class='ocrx_word' id='word_1_47' title='bbox 828 1509 1025 1593; x_wconf 84' lang='lat' dir='ltr'>Cleggovia</span> 
     </span>
     <span class='ocr_line' id='line_1_9' title="bbox 195 1622 1023 1716; baseline -0.001 -19"><span class='ocrx_word' id='word_1_48' title='bbox 195 1646 230 1697; x_wconf 91' lang='lat' dir='ltr'>et</span> <span class='ocrx_word' id='word_1_49' title='bbox 247 1654 341 1716; x_wconf 90' lang='lat' dir='ltr'>pago</span> <span class='ocrx_word' id='word_1_50' title='bbox 352 1635 535 1716; x_wconf 85' lang='lat' dir='ltr'>Fuezensi,</span> <span class='ocrx_word' id='word_1_51' title='bbox 551 1622 702 1697; x_wconf 71' lang='lat' dir='ltr'>feliciter</span> <span class='ocrx_word' id='word_1_52' title='bbox 713 1634 915 1716; x_wconf 88' lang='lat' dir='ltr'>adquisivit.</span> <span class='ocrx_word' id='word_1_53' title='bbox 931 1635 1023 1697; x_wconf 87' lang='lat' dir='ltr'>Dein</span> 
     </span>
     <span class='ocr_line' id='line_1_10' title="bbox 195 1755 1025 1839; baseline -0.001 -20"><span class='ocrx_word' id='word_1_54' title='bbox 195 1755 372 1819; x_wconf 87' lang='lat' dir='ltr'>officinam</span> <span class='ocrx_word' id='word_1_55' title='bbox 392 1757 573 1819; x_wconf 88' lang='lat' dir='ltr'>ferrariam</span> <span class='ocrx_word' id='word_1_56' title='bbox 593 1758 638 1819; x_wconf 92' lang='lat' dir='ltr'>ad</span> <span class='ocrx_word' id='word_1_57' title='bbox 658 1767 803 1839; x_wconf 90' lang='lat' dir='ltr'>pontem</span> <span class='ocrx_word' id='word_1_58' title='bbox 823 1756 940 1819; x_wconf 83' lang='lat' dir='ltr'>Albae</span> <span class='ocrx_word' id='word_1_59' title='bbox 960 1755 1025 1819; x_wconf 85' lang='lat' dir='ltr'>flu-</span> 
     </span>
     <span class='ocr_line' id='line_1_11' title="bbox 195 1877 1024 1961; baseline 0 -22"><span class='ocrx_word' id='word_1_60' title='bbox 195 1877 297 1940; x_wconf 89' lang='lat' dir='ltr'>minis</span> <span class='ocrx_word' id='word_1_61' title='bbox 319 1898 432 1961; x_wconf 89' lang='lat' dir='ltr'>prope</span> <span class='ocrx_word' id='word_1_62' title='bbox 455 1879 621 1961; x_wconf 86' lang='lat' dir='ltr'>Togeren</span> <span class='ocrx_word' id='word_1_63' title='bbox 645 1878 749 1941; x_wconf 87' lang='lat' dir='ltr'>sitam</span> <span class='ocrx_word' id='word_1_64' title='bbox 777 1879 926 1941; x_wconf 90' lang='lat' dir='ltr'>adorno</span> <span class='ocrx_word' id='word_1_65' title='bbox 950 1878 1024 1939; x_wconf 91' lang='lat' dir='ltr'>Au-</span> 
     </span>
     <span class='ocr_line' id='line_1_12' title="bbox 194 1998 1023 2083; baseline -0.004 -20"><span class='ocrx_word' id='word_1_66' title='bbox 194 2001 325 2063; x_wconf 89' lang='lat' dir='ltr'>striaca</span> <span class='ocrx_word' id='word_1_67' title='bbox 340 2020 405 2082; x_wconf 93' lang='lat' dir='ltr'>pro</span> <span class='ocrx_word' id='word_1_68' title='bbox 422 2018 550 2083; x_wconf 91' lang='lat' dir='ltr'>magno</span> <span class='ocrx_word' id='word_1_69' title='bbox 566 2000 682 2081; x_wconf 89' lang='lat' dir='ltr'>pretio</span> <span class='ocrx_word' id='word_1_70' title='bbox 696 2020 801 2080; x_wconf 83' lang='lat'>90000</span> <span class='ocrx_word' id='word_1_71' title='bbox 813 1998 1023 2063; x_wconf 88' lang='lat' dir='ltr'>florenorum</span> 
     </span>
     <span class='ocr_line' id='line_1_13' title="bbox 194 2122 1023 2204; baseline -0.001 -19"><span class='ocrx_word' id='word_1_72' title='bbox 194 2123 405 2203; x_wconf 89' lang='lat' dir='ltr'>patrimonio</span> <span class='ocrx_word' id='word_1_73' title='bbox 426 2143 452 2188; x_wconf 88' lang='lat' dir='ltr'>s.</span> <span class='ocrx_word' id='word_1_74' title='bbox 474 2122 583 2185; x_wconf 88' lang='lat' dir='ltr'>Blasii</span> <span class='ocrx_word' id='word_1_75' title='bbox 604 2123 742 2186; x_wconf 90' lang='lat' dir='ltr'>addidit</span> <span class='ocrx_word' id='word_1_76' title='bbox 762 2132 835 2186; x_wconf 88' lang='lat' dir='ltr'>tam</span> <span class='ocrx_word' id='word_1_77' title='bbox 855 2125 901 2185; x_wconf 94' lang='lat' dir='ltr'>ob</span> <span class='ocrx_word' id='word_1_78' title='bbox 923 2142 1023 2204; x_wconf 92' lang='lat' dir='ltr'>spem</span> 
     </span>
     <span class='ocr_line' id='line_1_14' title="bbox 192 2245 1022 2327; baseline 0.001 -21"><span class='ocrx_word' id='word_1_79' title='bbox 192 2245 280 2308; x_wconf 90' lang='lat' dir='ltr'>lucri</span> <span class='ocrx_word' id='word_1_80' title='bbox 301 2245 383 2308; x_wconf 93' lang='lat' dir='ltr'>inde</span> <span class='ocrx_word' id='word_1_81' title='bbox 400 2246 564 2327; x_wconf 90' lang='lat' dir='ltr'>capiendi</span> <span class='ocrx_word' id='word_1_82' title='bbox 585 2266 691 2326; x_wconf 89' lang='lat' dir='ltr'>quam</span> <span class='ocrx_word' id='word_1_83' title='bbox 712 2254 748 2308; x_wconf 91' lang='lat' dir='ltr'>et</span> <span class='ocrx_word' id='word_1_84' title='bbox 771 2245 807 2308; x_wconf 94' lang='lat' dir='ltr'>in</span> <span class='ocrx_word' id='word_1_85' title='bbox 830 2245 952 2327; x_wconf 90' lang='lat' dir='ltr'>primis</span> <span class='ocrx_word' id='word_1_86' title='bbox 976 2247 1022 2308; x_wconf 90' lang='lat' dir='ltr'>ob</span> 
     </span>
     <span class='ocr_line' id='line_1_15' title="bbox 195 2367 1021 2449; baseline -0.002 -19"><span class='ocrx_word' id='word_1_87' title='bbox 195 2377 326 2431; x_wconf 93' lang='lat' dir='ltr'>metum</span> <span class='ocrx_word' id='word_1_88' title='bbox 344 2368 461 2430; x_wconf 92' lang='lat' dir='ltr'>damni</span> <span class='ocrx_word' id='word_1_89' title='bbox 477 2386 542 2449; x_wconf 91' lang='lat' dir='ltr'>pro</span> <span class='ocrx_word' id='word_1_90' title='bbox 558 2367 658 2430; x_wconf 89' lang='lat' dir='ltr'>silvis</span> <span class='ocrx_word' id='word_1_91' title='bbox 675 2367 804 2430; x_wconf 92' lang='lat' dir='ltr'>circum</span> <span class='ocrx_word' id='word_1_92' title='bbox 821 2387 848 2430; x_wconf 93' lang='lat' dir='ltr'>s.</span> <span class='ocrx_word' id='word_1_93' title='bbox 865 2368 1021 2430; x_wconf 91' lang='lat' dir='ltr'>Blasium</span> 
     </span>
     <span class='ocr_line' id='line_1_16' title="bbox 194 2490 1022 2572; baseline -0.002 -19"><span class='ocrx_word' id='word_1_94' title='bbox 194 2490 340 2572; x_wconf 86' lang='lat' dir='ltr'>diffusis,</span> <span class='ocrx_word' id='word_1_95' title='bbox 361 2491 390 2552; x_wconf 91' lang='lat' dir='ltr'>si</span> <span class='ocrx_word' id='word_1_96' title='bbox 411 2490 552 2553; x_wconf 91' lang='lat' dir='ltr'>officina</span> <span class='ocrx_word' id='word_1_97' title='bbox 570 2491 660 2553; x_wconf 90' lang='lat' dir='ltr'>haec</span> <span class='ocrx_word' id='word_1_98' title='bbox 680 2490 738 2552; x_wconf 91' lang='lat' dir='ltr'>alii</span> <span class='ocrx_word' id='word_1_99' title='bbox 754 2490 905 2572; x_wconf 87' lang='lat' dir='ltr'>emptori</span> <span class='ocrx_word' id='word_1_100' title='bbox 921 2509 1022 2552; x_wconf 90' lang='lat' dir='ltr'>cessa</span> 
     </span>
     <span class='ocr_line' id='line_1_17' title="bbox 192 2613 1022 2695; baseline -0.002 -19"><span class='ocrx_word' id='word_1_101' title='bbox 192 2614 328 2677; x_wconf 89' lang='lat' dir='ltr'>fuisset.</span> <span class='ocrx_word' id='word_1_102' title='bbox 352 2613 424 2677; x_wconf 90' lang='lat' dir='ltr'>Rei</span> <span class='ocrx_word' id='word_1_103' title='bbox 440 2613 688 2676; x_wconf 88' lang='lat' dir='ltr'>oeconomicae</span> <span class='ocrx_word' id='word_1_104' title='bbox 709 2623 745 2676; x_wconf 89' lang='lat' dir='ltr'>et</span> <span class='ocrx_word' id='word_1_105' title='bbox 764 2613 901 2675; x_wconf 90' lang='lat' dir='ltr'>aerario</span> <span class='ocrx_word' id='word_1_106' title='bbox 917 2613 1022 2695; x_wconf 90' lang='lat' dir='ltr'>profi-</span> 
     </span>
     <span class='ocr_line' id='line_1_18' title="bbox 194 2733 1022 2815; baseline -0.004 -16"><span class='ocrx_word' id='word_1_107' title='bbox 194 2756 260 2799; x_wconf 87' lang='lat' dir='ltr'>cua</span> <span class='ocrx_word' id='word_1_108' title='bbox 282 2745 358 2799; x_wconf 91' lang='lat' dir='ltr'>erat</span> <span class='ocrx_word' id='word_1_109' title='bbox 379 2738 503 2798; x_wconf 88' lang='lat' dir='ltr'>domus</span> <span class='ocrx_word' id='word_1_110' title='bbox 524 2745 560 2797; x_wconf 88' lang='lat' dir='ltr'>et</span> <span class='ocrx_word' id='word_1_111' title='bbox 579 2733 724 2815; x_wconf 87' lang='lat' dir='ltr'>fabrica,</span> <span class='ocrx_word' id='word_1_112' title='bbox 749 2754 854 2815; x_wconf 92' lang='lat' dir='ltr'>quam</span> <span class='ocrx_word' id='word_1_113' title='bbox 878 2754 942 2815; x_wconf 90' lang='lat' dir='ltr'>pro</span> <span class='ocrx_word' id='word_1_114' title='bbox 965 2755 1022 2797; x_wconf 91' lang='lat' dir='ltr'>co-</span> 
     </span>
     <span class='ocr_line' id='line_1_19' title="bbox 193 2857 1021 2942; baseline -0.004 -21"><span class='ocrx_word' id='word_1_115' title='bbox 193 2858 335 2942; x_wconf 90' lang='lat' dir='ltr'>quenda</span> <span class='ocrx_word' id='word_1_116' title='bbox 364 2868 400 2921; x_wconf 92' lang='lat' dir='ltr'>et</span> <span class='ocrx_word' id='word_1_117' title='bbox 423 2857 574 2920; x_wconf 91' lang='lat' dir='ltr'>subditis</span> <span class='ocrx_word' id='word_1_118' title='bbox 598 2857 823 2919; x_wconf 87' lang='lat' dir='ltr'>divendenda</span> <span class='ocrx_word' id='word_1_119' title='bbox 850 2857 1021 2919; x_wconf 87' lang='lat' dir='ltr'>cerevisia</span> 
     </span>
     <span class='ocr_line' id='line_1_20' title="bbox 193 2977 1021 3063; baseline -0.005 -20"><span class='ocrx_word' id='word_1_120' title='bbox 193 3000 306 3063; x_wconf 90' lang='lat' dir='ltr'>prope</span> <span class='ocrx_word' id='word_1_121' title='bbox 332 2979 524 3061; x_wconf 88' lang='lat' dir='ltr'>hospitium</span> <span class='ocrx_word' id='word_1_122' title='bbox 554 2998 646 3041; x_wconf 90' lang='lat' dir='ltr'>anno</span> <span class='ocrx_word' id='word_1_123' title='bbox 677 2997 755 3058; x_wconf 87' lang='lat'><strong>1792</strong></span> <span class='ocrx_word' id='word_1_124' title='bbox 786 2977 910 3041; x_wconf 85' lang='lat' dir='ltr'>erexit.</span> <span class='ocrx_word' id='word_1_125' title='bbox 941 2979 1021 3040; x_wconf 92' lang='lat' dir='ltr'>Huc</span> 
     </span>
     <span class='ocr_line' id='line_1_21' title="bbox 193 3100 1021 3184; baseline -0.002 -18"><span class='ocrx_word' id='word_1_126' title='bbox 193 3103 346 3184; x_wconf 92' lang='lat' dir='ltr'>denique</span> <span class='ocrx_word' id='word_1_127' title='bbox 360 3102 513 3184; x_wconf 89' lang='lat' dir='ltr'>pertinet</span> <span class='ocrx_word' id='word_1_128' title='bbox 525 3100 811 3165; x_wconf 89' lang='lat' dir='ltr'>monasteriolum</span> <span class='ocrx_word' id='word_1_129' title='bbox 824 3101 1021 3183; x_wconf 88' lang='lat' dir='ltr'>Mengense</span> 
     </span>
     <span class='ocr_line' id='line_1_22' title="bbox 193 3223 1020 3306; baseline -0.004 -18"><span class='ocrx_word' id='word_1_130' title='bbox 193 3227 239 3306; x_wconf 89' lang='lat' dir='ltr'>(in</span> <span class='ocrx_word' id='word_1_131' title='bbox 260 3224 561 3306; x_wconf 85' lang='lat' dir='ltr'>Wiirtembergia)</span> <span class='ocrx_word' id='word_1_132' title='bbox 586 3225 669 3286; x_wconf 92' lang='lat' dir='ltr'>divo</span> <span class='ocrx_word' id='word_1_133' title='bbox 689 3223 810 3286; x_wconf 90' lang='lat' dir='ltr'>Blasio</span> <span class='ocrx_word' id='word_1_134' title='bbox 835 3234 1020 3305; x_wconf 90' lang='lat' dir='ltr'>retrusum,</span> 
     </span>
     <span class='ocr_line' id='line_1_23' title="bbox 193 3345 1020 3428; baseline -0.004 -18"><span class='ocrx_word' id='word_1_135' title='bbox 193 3347 404 3428; x_wconf 89' lang='lat' dir='ltr'>patrimonio</span> <span class='ocrx_word' id='word_1_136' title='bbox 420 3346 493 3408; x_wconf 92' lang='lat' dir='ltr'>divi</span> <span class='ocrx_word' id='word_1_137' title='bbox 506 3346 617 3408; x_wconf 87' lang='lat' dir='ltr'>Blasii</span> <span class='ocrx_word' id='word_1_138' title='bbox 633 3345 775 3408; x_wconf 93' lang='lat' dir='ltr'>minime</span> <span class='ocrx_word' id='word_1_139' title='bbox 787 3345 1020 3426; x_wconf 89' lang='lat' dir='ltr'>profuturum.</span> 
     </span>
    </p>
   </div>
   <div class='ocr_carea' id='block_1_2' title="bbox 193 3444 1021 3551">
    <p class='ocr_par' dir='ltr' id='par_1_2' title="bbox 193 3444 1021 3551">
     <span class='ocr_line' id='line_1_24' title="bbox 193 3444 1021 3551; baseline -0.004 -18"><span class='ocrx_word' id='word_1_140' title='bbox 193 3469 483 3533; x_wconf 88' lang='lat' dir='ltr'>Monasteriolum</span> <span class='ocrx_word' id='word_1_141' title='bbox 510 3471 592 3551; x_wconf 91' lang='lat' dir='ltr'>hoc,</span> <span class='ocrx_word' id='word_1_142' title='bbox 624 3444 801 3550; x_wconf 86' lang='lat' dir='ltr'>quondam</span> <span class='ocrx_word' id='word_1_143' title='bbox 825 3468 1021 3530; x_wconf 90' lang='lat' dir='ltr'>Wilhelmi-</span> 
     </span>
    </p>
   </div>
   <div class='ocr_carea' id='block_1_3' title="bbox 190 3590 1022 5507">
    <p class='ocr_par' dir='ltr' id='par_1_3' title="bbox 190 3590 1022 5507">
     <span class='ocr_line' id='line_1_25' title="bbox 191 3590 1022 3674; baseline -0.005 -17"><span class='ocrx_word' id='word_1_144' title='bbox 191 3607 316 3674; x_wconf 87' lang='lat' dir='ltr'>tarum,</span> <span class='ocrx_word' id='word_1_145' title='bbox 342 3613 421 3655; x_wconf 91' lang='lat' dir='ltr'>cum</span> <span class='ocrx_word' id='word_1_146' title='bbox 445 3594 584 3655; x_wconf 90' lang='lat' dir='ltr'>duobus</span> <span class='ocrx_word' id='word_1_147' title='bbox 608 3592 686 3653; x_wconf 91' lang='lat' dir='ltr'>aliis</span> <span class='ocrx_word' id='word_1_148' title='bbox 710 3592 746 3653; x_wconf 93' lang='lat' dir='ltr'>in</span> <span class='ocrx_word' id='word_1_149' title='bbox 771 3590 962 3655; x_wconf 89' lang='lat' dir='ltr'>Oberriedt</span> <span class='ocrx_word' id='word_1_150' title='bbox 985 3601 1022 3653; x_wconf 91' lang='lat' dir='ltr'>et</span> 
     </span>
     <span class='ocr_line' id='line_1_26' title="bbox 193 3713 1020 3797; baseline -0.006 -18"><span class='ocrx_word' id='word_1_151' title='bbox 193 3715 279 3780; x_wconf 88' lang='lat' dir='ltr'>Sion</span> <span class='ocrx_word' id='word_1_152' title='bbox 287 3714 477 3797; x_wconf 89' lang='lat' dir='ltr'>pontificia,</span> <span class='ocrx_word' id='word_1_153' title='bbox 490 3732 656 3776; x_wconf 91' lang='lat' dir='ltr'>caesarea</span> <span class='ocrx_word' id='word_1_154' title='bbox 666 3723 702 3776; x_wconf 94' lang='lat' dir='ltr'>et</span> <span class='ocrx_word' id='word_1_155' title='bbox 710 3713 887 3775; x_wconf 90' lang='lat' dir='ltr'>ordinaria</span> <span class='ocrx_word' id='word_1_156' title='bbox 899 3721 1020 3775; x_wconf 89' lang='lat' dir='ltr'>aucto-</span> 
     </span>
     <span class='ocr_line' id='line_1_27' title="bbox 191 3833 1021 3919; baseline -0.005 -18"><span class='ocrx_word' id='word_1_157' title='bbox 191 3840 296 3902; x_wconf 89' lang='lat' dir='ltr'>ritate</span> <span class='ocrx_word' id='word_1_158' title='bbox 320 3835 586 3919; x_wconf 85' lang='lat' dir='ltr'>congregationi</span> <span class='ocrx_word' id='word_1_159' title='bbox 608 3833 887 3898; x_wconf 87' lang='lat' dir='ltr'>San-Blasianae</span> <span class='ocrx_word' id='word_1_160' title='bbox 908 3836 1021 3919; x_wconf 89' lang='lat' dir='ltr'>incor-</span> 
     </span>
     <span class='ocr_line' id='line_1_28' title="bbox 191 3957 1016 4043; baseline -0.004 -22"><span class='ocrx_word' id='word_1_161' title='bbox 191 3970 365 4043; x_wconf 88' lang='lat' dir='ltr'>poratum,</span> <span class='ocrx_word' id='word_1_162' title='bbox 379 3961 424 4020; x_wconf 88' lang='lat' dir='ltr'>ab</span> <span class='ocrx_word' id='word_1_163' title='bbox 438 3960 569 4020; x_wconf 87' lang='lat' dir='ltr'>abbate</span> <span class='ocrx_word' id='word_1_164' title='bbox 578 3957 767 4020; x_wconf 90' lang='lat' dir='ltr'>Francisco</span> <span class='ocrx_word' id='word_1_165' title='bbox 776 3958 820 4020; x_wconf 91' lang='lat' dir='ltr'>II.</span> <span class='ocrx_word' id='word_1_166' title='bbox 830 3977 922 4019; x_wconf 89' lang='lat' dir='ltr'>anno</span> <span class='ocrx_word' id='word_1_167' title='bbox 939 3976 1016 4035; x_wconf 80' lang='lat'><em>1741</em></span> 
     </span>
     <span class='ocr_line' id='line_1_29' title="bbox 192 4080 1018 4153; baseline -0.002 -9"><span class='ocrx_word' id='word_1_168' title='bbox 192 4081 434 4145; x_wconf 89' lang='lat' dir='ltr'>Benedictinis</span> <span class='ocrx_word' id='word_1_169' title='bbox 458 4080 703 4142; x_wconf 90' lang='lat' dir='ltr'>Petrihusanis</span> <span class='ocrx_word' id='word_1_170' title='bbox 732 4081 899 4141; x_wconf 89' lang='lat' dir='ltr'>traditum</span> <span class='ocrx_word' id='word_1_171' title='bbox 929 4091 1018 4153; x_wconf 91' lang='lat' dir='ltr'>erat;</span> 
     </span>
     <span class='ocr_line' id='line_1_30' title="bbox 193 4202 1019 4286; baseline -0.004 -20"><span class='ocrx_word' id='word_1_172' title='bbox 193 4205 252 4286; x_wconf 93' lang='lat' dir='ltr'>qui</span> <span class='ocrx_word' id='word_1_173' title='bbox 268 4213 386 4266; x_wconf 90' lang='lat' dir='ltr'>autem</span> <span class='ocrx_word' id='word_1_174' title='bbox 402 4203 552 4284; x_wconf 91' lang='lat' dir='ltr'>posthac</span> <span class='ocrx_word' id='word_1_175' title='bbox 573 4204 618 4264; x_wconf 95' lang='lat' dir='ltr'>ob</span> <span class='ocrx_word' id='word_1_176' title='bbox 639 4202 807 4283; x_wconf 92' lang='lat' dir='ltr'>plurimos</span> <span class='ocrx_word' id='word_1_177' title='bbox 828 4212 964 4266; x_wconf 90' lang='lat' dir='ltr'>sumtus</span> <span class='ocrx_word' id='word_1_178' title='bbox 985 4202 1019 4264; x_wconf 92' lang='lat' dir='ltr'>in</span> 
     </span>
     <span class='ocr_line' id='line_1_31' title="bbox 192 4323 1019 4404; baseline -0.002 -15"><span class='ocrx_word' id='word_1_179' title='bbox 192 4327 280 4389; x_wconf 89' lang='lat' dir='ltr'>istas</span> <span class='ocrx_word' id='word_1_180' title='bbox 304 4328 412 4387; x_wconf 90' lang='lat' dir='ltr'>aedes</span> <span class='ocrx_word' id='word_1_181' title='bbox 438 4324 553 4386; x_wconf 90' lang='lat' dir='ltr'>factos</span> <span class='ocrx_word' id='word_1_182' title='bbox 576 4345 597 4385; x_wconf 89' lang='lat' dir='ltr'>a</span> <span class='ocrx_word' id='word_1_183' title='bbox 621 4343 647 4385; x_wconf 82' lang='lat' dir='ltr'>s</span> <span class='ocrx_word' id='word_1_184' title='bbox 669 4323 789 4385; x_wconf 87' lang='lat' dir='ltr'>Blasio</span> <span class='ocrx_word' id='word_1_185' title='bbox 814 4343 1019 4404; x_wconf 87' lang='lat' dir='ltr'>compensa-</span> 
     </span>
     <span class='ocr_line' id='line_1_32' title="bbox 192 4445 1019 4528; baseline -0.005 -16"><span class='ocrx_word' id='word_1_186' title='bbox 192 4449 323 4514; x_wconf 91' lang='lat' dir='ltr'>tionem</span> <span class='ocrx_word' id='word_1_187' title='bbox 342 4448 595 4528; x_wconf 87' lang='lat' dir='ltr'>exposcebant.</span> <span class='ocrx_word' id='word_1_188' title='bbox 616 4445 685 4509; x_wconf 91' lang='lat' dir='ltr'>Liti</span> <span class='ocrx_word' id='word_1_189' title='bbox 707 4446 766 4507; x_wconf 92' lang='lat' dir='ltr'>diu</span> <span class='ocrx_word' id='word_1_190' title='bbox 783 4446 941 4528; x_wconf 87' lang='lat' dir='ltr'>agitatae</span> <span class='ocrx_word' id='word_1_191' title='bbox 958 4449 1019 4509; x_wconf 93' lang='lat' dir='ltr'>ab·</span> 
     </span>
     <span class='ocr_line' id='line_1_33' title="bbox 192 4567 1018 4649; baseline -0.005 -15"><span class='ocrx_word' id='word_1_192' title='bbox 192 4575 258 4634; x_wconf 94' lang='lat' dir='ltr'>bas</span> <span class='ocrx_word' id='word_1_193' title='bbox 274 4570 448 4632; x_wconf 90' lang='lat' dir='ltr'>Martinus</span> <span class='ocrx_word' id='word_1_194' title='bbox 464 4587 583 4631; x_wconf 90' lang='lat' dir='ltr'>amore</span> <span class='ocrx_word' id='word_1_195' title='bbox 599 4568 698 4649; x_wconf 90' lang='lat' dir='ltr'>pacis</span> <span class='ocrx_word' id='word_1_196' title='bbox 715 4588 807 4630; x_wconf 93' lang='lat' dir='ltr'>anno</span> <span class='ocrx_word' id='word_1_197' title='bbox 825 4588 904 4648; x_wconf 84' lang='lat'>1774</span> <span class='ocrx_word' id='word_1_198' title='bbox 913 4567 1018 4631; x_wconf 89' lang='lat' dir='ltr'>finem</span> 
     </span>
     <span class='ocr_line' id='line_1_34' title="bbox 190 4690 1017 4775; baseline -0.004 -18"><span class='ocrx_word' id='word_1_199' title='bbox 190 4694 275 4757; x_wconf 90' lang='lat' dir='ltr'>fecit</span> <span class='ocrx_word' id='word_1_200' title='bbox 302 4711 432 4775; x_wconf 89' lang='lat' dir='ltr'>magno</span> <span class='ocrx_word' id='word_1_201' title='bbox 465 4691 606 4772; x_wconf 90' lang='lat' dir='ltr'>quidem</span> <span class='ocrx_word' id='word_1_202' title='bbox 639 4690 853 4754; x_wconf 85' lang='lat' dir='ltr'>confratrum</span> <span class='ocrx_word' id='word_1_203' title='bbox 881 4692 1017 4754; x_wconf 87' lang='lat' dir='ltr'>Blasia-</span> 
     </span>
     <span class='ocr_line' id='line_1_35' title="bbox 191 4815 1016 4897; baseline -0.005 -15"><span class='ocrx_word' id='word_1_204' title='bbox 191 4838 313 4882; x_wconf 92' lang='lat' dir='ltr'>norum</span> <span class='ocrx_word' id='word_1_205' title='bbox 339 4816 569 4896; x_wconf 90' lang='lat' dir='ltr'>incommod0,</span> <span class='ocrx_word' id='word_1_206' title='bbox 591 4815 650 4895; x_wconf 92' lang='lat' dir='ltr'>qui</span> <span class='ocrx_word' id='word_1_207' title='bbox 673 4834 694 4876; x_wconf 93' lang='lat' dir='ltr'>a</span> <span class='ocrx_word' id='word_1_208' title='bbox 713 4815 848 4896; x_wconf 91' lang='lat' dir='ltr'>reliquo</span> <span class='ocrx_word' id='word_1_209' title='bbox 869 4835 1016 4897; x_wconf 90' lang='lat' dir='ltr'>corpore</span> 
     </span>
     <span class='ocr_line' id='line_1_36' title="bbox 190 4937 1017 5020; baseline -0.005 -17"><span class='ocrx_word' id='word_1_210' title='bbox 190 4940 358 5003; x_wconf 90' lang='lat' dir='ltr'>Blasiano</span> <span class='ocrx_word' id='word_1_211' title='bbox 388 4946 537 5020; x_wconf 92' lang='lat' dir='ltr'>propter</span> <span class='ocrx_word' id='word_1_212' title='bbox 569 4938 637 4999; x_wconf 92' lang='lat' dir='ltr'>loci</span> <span class='ocrx_word' id='word_1_213' title='bbox 676 4937 880 5001; x_wconf 88' lang='lat' dir='ltr'>distantiam</span> <span class='ocrx_word' id='word_1_214' title='bbox 916 4939 1017 5019; x_wconf 91' lang='lat' dir='ltr'>quasi</span> 
     </span>
     <span class='ocr_line' id='line_1_37' title="bbox 191 5060 1016 5143; baseline -0.001 -19"><span class='ocrx_word' id='word_1_215' title='bbox 191 5061 344 5143; x_wconf 90' lang='lat' dir='ltr'>separati</span> <span class='ocrx_word' id='word_1_216' title='bbox 366 5061 545 5141; x_wconf 84' lang='lat' dir='ltr'>vivebant,</span> <span class='ocrx_word' id='word_1_217' title='bbox 566 5080 632 5122; x_wconf 92' lang='lat' dir='ltr'>nec</span> <span class='ocrx_word' id='word_1_218' title='bbox 648 5060 773 5123; x_wconf 91' lang='lat' dir='ltr'>minori</span> <span class='ocrx_word' id='word_1_219' title='bbox 790 5061 917 5123; x_wconf 90' lang='lat' dir='ltr'>aerarii</span> <span class='ocrx_word' id='word_1_220' title='bbox 935 5062 1016 5124; x_wconf 87' lang='lat' dir='ltr'>Bla-</span> 
     </span>
     <span class='ocr_line' id='line_1_38' title="bbox 191 5183 1017 5264; baseline -0.002 -19"><span class='ocrx_word' id='word_1_221' title='bbox 191 5183 280 5245; x_wconf 90' lang='lat' dir='ltr'>siani</span> <span class='ocrx_word' id='word_1_222' title='bbox 307 5184 452 5264; x_wconf 91' lang='lat' dir='ltr'>damn0,</span> <span class='ocrx_word' id='word_1_223' title='bbox 481 5183 576 5263; x_wconf 94' lang='lat' dir='ltr'>quod</span> <span class='ocrx_word' id='word_1_224' title='bbox 602 5201 672 5244; x_wconf 90' lang='lat' dir='ltr'>non</span> <span class='ocrx_word' id='word_1_225' title='bbox 700 5191 772 5245; x_wconf 91' lang='lat' dir='ltr'>tam</span> <span class='ocrx_word' id='word_1_226' title='bbox 796 5183 841 5244; x_wconf 90' lang='lat' dir='ltr'>ad</span> <span class='ocrx_word' id='word_1_227' title='bbox 870 5183 1017 5244; x_wconf 88' lang='lat' dir='ltr'>alendos</span> 
     </span>
     <span class='ocr_line' id='line_1_39' title="bbox 191 5305 1016 5387; baseline 0 -20"><span class='ocrx_word' id='word_1_228' title='bbox 191 5313 261 5367; x_wconf 92' lang='lat' dir='ltr'>tres</span> <span class='ocrx_word' id='word_1_229' title='bbox 292 5305 476 5386; x_wconf 90' lang='lat' dir='ltr'>religiosos</span> <span class='ocrx_word' id='word_1_230' title='bbox 484 5354 493 5387; x_wconf 94' lang='lat'>,</span> <span class='ocrx_word' id='word_1_231' title='bbox 528 5325 632 5387; x_wconf 93' lang='lat' dir='ltr'>quam</span> <span class='ocrx_word' id='word_1_232' title='bbox 663 5306 708 5367; x_wconf 94' lang='lat' dir='ltr'>ad</span> <span class='ocrx_word' id='word_1_233' title='bbox 739 5305 1016 5387; x_wconf 89' lang='lat' dir='ltr'>hospitalitatem</span> 
     </span>
     <span class='ocr_line' id='line_1_40' title="bbox 190 5426 1016 5507; baseline 0 -19"><span class='ocrx_word' id='word_1_234' title='bbox 190 5426 329 5507; x_wconf 90' lang='lat' dir='ltr'>aliaque</span> <span class='ocrx_word' id='word_1_235' title='bbox 355 5446 515 5506; x_wconf 85' lang='lat' dir='ltr'>expensa</span> <span class='ocrx_word' id='word_1_236' title='bbox 542 5427 730 5506; x_wconf 91' lang='lat' dir='ltr'>quotannis</span> <span class='ocrx_word' id='word_1_237' title='bbox 755 5426 919 5490; x_wconf 88' lang='lat' dir='ltr'>facienda</span> <span class='ocrx_word' id='word_1_238' title='bbox 943 5426 1016 5488; x_wconf 84' lang='lat' dir='ltr'>exi·</span> 
     </span>
    </p>
   </div>
   <div class='ocr_carea' id='block_1_4' title="bbox 1031 471 1206 519">
    <p class='ocr_par' dir='ltr' id='par_1_4' title="bbox 1031 471 1206 519">
     <span class='ocr_line' id='line_1_41' title="bbox 1031 471 1206 519; baseline 0 0"><span class='ocrx_word' id='word_1_239' title='bbox 1031 471 1103 519; x_wconf 89' lang='lat'>120</span> <span class='ocrx_word' id='word_1_240' title='bbox 1156 492 1206 501; x_wconf 86' lang='grc'>-</span> 
     </span>
    </p>
   </div>
   <div class='ocr_carea' id='block_1_5' title="bbox 1097 657 1937 5507">
    <p class='ocr_par' dir='ltr' id='par_1_5' title="bbox 1105 657 1936 842">
     <span class='ocr_line' id='line_1_42' title="bbox 1105 657 1936 741; baseline 0.008 -25"><span class='ocrx_word' id='word_1_241' title='bbox 1105 675 1196 737; x_wconf 90' lang='lat' dir='ltr'>guos</span> <span class='ocrx_word' id='word_1_242' title='bbox 1216 657 1664 741; x_wconf 80' lang='lat' dir='ltr'>monasterioliproventus</span> <span class='ocrx_word' id='word_1_243' title='bbox 1681 661 1852 741; x_wconf 89' lang='lat' dir='ltr'>supplere</span> <span class='ocrx_word' id='word_1_244' title='bbox 1873 662 1936 723; x_wconf 93' lang='lat' dir='ltr'>de·</span> 
     </span>
     <span class='ocr_line' id='line_1_43' title="bbox 1105 779 1223 842; baseline 0.025 -3"><span class='ocrx_word' id='word_1_245' title='bbox 1105 779 1223 842; x_wconf 89' lang='lat' dir='ltr'>bebat.</span> 
     </span>
    </p>

    <p class='ocr_par' dir='ltr' id='par_1_6' title="bbox 1097 900 1937 5507">
     <span class='ocr_line' id='line_1_44' title="bbox 1188 900 1935 985; baseline 0.003 -21"><span class='ocrx_word' id='word_1_246' title='bbox 1188 900 1274 964; x_wconf 86' lang='lat' dir='ltr'>Cum</span> <span class='ocrx_word' id='word_1_247' title='bbox 1284 903 1935 985; x_wconf 88' lang='lat' dir='ltr'>antecessorMartiniprincepsMein-</span> 
     </span>
     <span class='ocr_line' id='line_1_45' title="bbox 1103 1023 1936 1106; baseline 0.005 -23"><span class='ocrx_word' id='word_1_248' title='bbox 1103 1024 1210 1084; x_wconf 87' lang='lat' dir='ltr'>radus</span> <span class='ocrx_word' id='word_1_249' title='bbox 1233 1023 1269 1084; x_wconf 92' lang='lat' dir='ltr'>in</span> <span class='ocrx_word' id='word_1_250' title='bbox 1294 1024 1468 1106; x_wconf 89' lang='lat' dir='ltr'>eligendis</span> <span class='ocrx_word' id='word_1_251' title='bbox 1492 1024 1703 1088; x_wconf 89' lang='lat' dir='ltr'>officialibus</span> <span class='ocrx_word' id='word_1_252' title='bbox 1727 1027 1823 1088; x_wconf 91' lang='lat' dir='ltr'>haud</span> <span class='ocrx_word' id='word_1_253' title='bbox 1846 1024 1936 1087; x_wconf 80' lang='lat' dir='ltr'>felix</span> 
     </span>
     <span class='ocr_line' id='line_1_46' title="bbox 1102 1145 1934 1229; baseline 0.004 -23"><span class='ocrx_word' id='word_1_254' title='bbox 1102 1145 1220 1228; x_wconf 91' lang='lat' dir='ltr'>fuerit,</span> <span class='ocrx_word' id='word_1_255' title='bbox 1241 1147 1430 1229; x_wconf 90' lang='lat' dir='ltr'>postulatis</span> <span class='ocrx_word' id='word_1_256' title='bbox 1446 1148 1485 1209; x_wconf 89' lang='lat' dir='ltr'>P.</span> <span class='ocrx_word' id='word_1_257' title='bbox 1503 1148 1543 1210; x_wconf 91' lang='lat' dir='ltr'>P.</span> <span class='ocrx_word' id='word_1_258' title='bbox 1560 1148 1807 1228; x_wconf 89' lang='lat' dir='ltr'>capitularium</span> <span class='ocrx_word' id='word_1_259' title='bbox 1830 1147 1934 1209; x_wconf 87' lang='lat' dir='ltr'>satis-</span> 
     </span>
     <span class='ocr_line' id='line_1_47' title="bbox 1103 1265 1935 1332; baseline 0.002 -2"><span class='ocrx_word' id='word_1_260' title='bbox 1103 1265 1261 1331; x_wconf 91' lang='lat' dir='ltr'>facturus</span> <span class='ocrx_word' id='word_1_261' title='bbox 1282 1290 1324 1331; x_wconf 90' lang='lat' dir='ltr'>ac</span> <span class='ocrx_word' id='word_1_262' title='bbox 1341 1271 1435 1331; x_wconf 93' lang='lat' dir='ltr'>bono</span> <span class='ocrx_word' id='word_1_263' title='bbox 1448 1269 1668 1331; x_wconf 90' lang='lat' dir='ltr'>subditorum</span> <span class='ocrx_word' id='word_1_264' title='bbox 1681 1278 1717 1332; x_wconf 92' lang='lat' dir='ltr'>et</span> <span class='ocrx_word' id='word_1_265' title='bbox 1729 1269 1935 1332; x_wconf 90' lang='lat' dir='ltr'>monasterii</span> 
     </span>
     <span class='ocr_line' id='line_1_48' title="bbox 1104 1388 1936 1471; baseline 0.004 -19"><span class='ocrx_word' id='word_1_266' title='bbox 1104 1391 1338 1471; x_wconf 92' lang='lat' dir='ltr'>consulturus,</span> <span class='ocrx_word' id='word_1_267' title='bbox 1360 1410 1444 1453; x_wconf 83' lang='lat' dir='ltr'>mox</span> <span class='ocrx_word' id='word_1_268' title='bbox 1466 1392 1555 1453; x_wconf 93' lang='lat' dir='ltr'>duos</span> <span class='ocrx_word' id='word_1_269' title='bbox 1577 1388 1748 1453; x_wconf 86' lang='lat' dir='ltr'>officiales</span> <span class='ocrx_word' id='word_1_270' title='bbox 1764 1411 1881 1454; x_wconf 91' lang='lat' dir='ltr'>rerum</span> <span class='ocrx_word' id='word_1_271' title='bbox 1899 1402 1936 1455; x_wconf 87' lang='lat' dir='ltr'>et</span> 
     </span>
     <span class='ocr_line' id='line_1_49' title="bbox 1104 1512 1934 1595; baseline 0.002 -21"><span class='ocrx_word' id='word_1_272' title='bbox 1104 1512 1327 1594; x_wconf 89' lang='lat' dir='ltr'>negotiorum</span> <span class='ocrx_word' id='word_1_273' title='bbox 1343 1512 1578 1593; x_wconf 87' lang='lat' dir='ltr'>peritissimos</span> <span class='ocrx_word' id='word_1_274' title='bbox 1591 1513 1711 1595; x_wconf 90' lang='lat' dir='ltr'>elegit,</span> <span class='ocrx_word' id='word_1_275' title='bbox 1728 1514 1934 1595; x_wconf 89' lang='lat' dir='ltr'>primarium</span> 
     </span>
     <span class='ocr_line' id='line_1_50' title="bbox 1104 1633 1932 1718; baseline 0.001 -22"><span class='ocrx_word' id='word_1_276' title='bbox 1104 1653 1168 1716; x_wconf 93' lang='lat' dir='ltr'>pro</span> <span class='ocrx_word' id='word_1_277' title='bbox 1197 1635 1303 1697; x_wconf 91' lang='lat' dir='ltr'>rebus</span> <span class='ocrx_word' id='word_1_278' title='bbox 1327 1633 1497 1716; x_wconf 75' lang='lat' dir='ltr'>politiciS,</span> <span class='ocrx_word' id='word_1_279' title='bbox 1522 1633 1685 1696; x_wconf 90' lang='lat' dir='ltr'>civilibus</span> <span class='ocrx_word' id='word_1_280' title='bbox 1710 1644 1745 1698; x_wconf 90' lang='lat' dir='ltr'>et</span> <span class='ocrx_word' id='word_1_281' title='bbox 1767 1635 1932 1718; x_wconf 92' lang='lat' dir='ltr'>publicis,</span> 
     </span>
     <span class='ocr_line' id='line_1_51' title="bbox 1104 1756 1935 1838; baseline 0.001 -20"><span class='ocrx_word' id='word_1_282' title='bbox 1104 1757 1253 1819; x_wconf 90' lang='lat' dir='ltr'>alterum</span> <span class='ocrx_word' id='word_1_283' title='bbox 1261 1756 1434 1823; x_wconf 87' lang='lat' dir='ltr'>reditibus</span> <span class='ocrx_word' id='word_1_284' title='bbox 1444 1756 1742 1838; x_wconf 64' lang='lat' dir='ltr'>administrandis</span> <span class='ocrx_word' id='word_1_285' title='bbox 1756 1766 1792 1820; x_wconf 92' lang='lat' dir='ltr'>et</span> <span class='ocrx_word' id='word_1_286' title='bbox 1804 1757 1935 1819; x_wconf 90' lang='lat' dir='ltr'>iustam</span> 
     </span>
     <span class='ocr_line' id='line_1_52' title="bbox 1103 1878 1933 1962; baseline 0.004 -22"><span class='ocrx_word' id='word_1_287' title='bbox 1103 1878 1275 1941; x_wconf 90' lang='lat' dir='ltr'>rationem</span> <span class='ocrx_word' id='word_1_288' title='bbox 1292 1878 1515 1962; x_wconf 89' lang='lat' dir='ltr'>negotiorum</span> <span class='ocrx_word' id='word_1_289' title='bbox 1537 1888 1573 1942; x_wconf 91' lang='lat' dir='ltr'>et</span> <span class='ocrx_word' id='word_1_290' title='bbox 1593 1899 1713 1962; x_wconf 23' lang='lat' dir='ltr'>rerum·</span> <span class='ocrx_word' id='word_1_291' title='bbox 1730 1880 1796 1941; x_wconf 92' lang='lat' dir='ltr'>sub</span> <span class='ocrx_word' id='word_1_292' title='bbox 1817 1879 1933 1962; x_wconf 90' lang='lat' dir='ltr'>ipsius</span> 
     </span>
     <span class='ocr_line' id='line_1_53' title="bbox 1103 2001 1931 2084; baseline 0.001 -19"><span class='ocrx_word' id='word_1_293' title='bbox 1103 2001 1274 2084; x_wconf 89' lang='lat' dir='ltr'>principis</span> <span class='ocrx_word' id='word_1_294' title='bbox 1301 2002 1479 2084; x_wconf 89' lang='lat' dir='ltr'>praesidio</span> <span class='ocrx_word' id='word_1_295' title='bbox 1506 2004 1771 2066; x_wconf 90' lang='lat' dir='ltr'>tractandarum</span> <span class='ocrx_word' id='word_1_296' title='bbox 1799 2004 1931 2066; x_wconf 91' lang='lat' dir='ltr'>consti-</span> 
     </span>
     <span class='ocr_line' id='line_1_54' title="bbox 1102 2123 1935 2205; baseline 0.001 -18"><span class='ocrx_word' id='word_1_297' title='bbox 1102 2125 1179 2189; x_wconf 88' lang='lat' dir='ltr'>tuit.</span> <span class='ocrx_word' id='word_1_298' title='bbox 1197 2123 1312 2188; x_wconf 86' lang='lat' dir='ltr'>Saluti</span> <span class='ocrx_word' id='word_1_299' title='bbox 1328 2124 1514 2205; x_wconf 91' lang='lat' dir='ltr'>temporali</span> <span class='ocrx_word' id='word_1_300' title='bbox 1530 2134 1566 2187; x_wconf 93' lang='lat' dir='ltr'>et</span> <span class='ocrx_word' id='word_1_301' title='bbox 1582 2125 1757 2205; x_wconf 90' lang='lat' dir='ltr'>spirituali</span> <span class='ocrx_word' id='word_1_302' title='bbox 1773 2125 1935 2188; x_wconf 91' lang='lat' dir='ltr'>subdito·</span> 
     </span>
     <span class='ocr_line' id='line_1_55' title="bbox 1101 2246 1936 2329; baseline 0.001 -20"><span class='ocrx_word' id='word_1_303' title='bbox 1101 2267 1178 2309; x_wconf 92' lang='lat' dir='ltr'>rum</span> <span class='ocrx_word' id='word_1_304' title='bbox 1194 2246 1345 2329; x_wconf 91' lang='lat' dir='ltr'>plurima</span> <span class='ocrx_word' id='word_1_305' title='bbox 1362 2255 1397 2309; x_wconf 91' lang='lat' dir='ltr'>et</span> <span class='ocrx_word' id='word_1_306' title='bbox 1414 2246 1549 2327; x_wconf 92' lang='lat' dir='ltr'>optima</span> <span class='ocrx_word' id='word_1_307' title='bbox 1562 2246 1727 2328; x_wconf 91' lang='lat' dir='ltr'>providit.</span> <span class='ocrx_word' id='word_1_308' title='bbox 1751 2246 1831 2328; x_wconf 83' lang='lat' dir='ltr'>Quo</span> <span class='ocrx_word' id='word_1_309' title='bbox 1846 2267 1936 2310; x_wconf 90' lang='lat' dir='ltr'>vero</span> 
     </span>
     <span class='ocr_line' id='line_1_56' title="bbox 1101 2367 1936 2450; baseline -0.001 -18"><span class='ocrx_word' id='word_1_310' title='bbox 1101 2389 1175 2432; x_wconf 90' lang='lat' dir='ltr'>rem</span> <span class='ocrx_word' id='word_1_311' title='bbox 1192 2390 1213 2431; x_wconf 91' lang='lat' dir='ltr'>a</span> <span class='ocrx_word' id='word_1_312' title='bbox 1228 2369 1458 2431; x_wconf 86' lang='lat' dir='ltr'>fundamento</span> <span class='ocrx_word' id='word_1_313' title='bbox 1471 2367 1703 2450; x_wconf 83' lang='lat' dir='ltr'>exordiretur,</span> <span class='ocrx_word' id='word_1_314' title='bbox 1720 2368 1936 2450; x_wconf 90' lang='lat' dir='ltr'>praeprimis</span> 
     </span>
     <span class='ocr_line' id='line_1_57' title="bbox 1101 2490 1932 2572; baseline 0 -18"><span class='ocrx_word' id='word_1_315' title='bbox 1101 2494 1258 2572; x_wconf 90' lang='lat' dir='ltr'>curabat,</span> <span class='ocrx_word' id='word_1_316' title='bbox 1280 2501 1319 2554; x_wconf 94' lang='lat' dir='ltr'>ut</span> <span class='ocrx_word' id='word_1_317' title='bbox 1340 2491 1503 2554; x_wconf 90' lang='lat' dir='ltr'>iuventus</span> <span class='ocrx_word' id='word_1_318' title='bbox 1525 2490 1658 2553; x_wconf 89' lang='lat' dir='ltr'>rustica</span> <span class='ocrx_word' id='word_1_319' title='bbox 1682 2490 1716 2553; x_wconf 91' lang='lat' dir='ltr'>in</span> <span class='ocrx_word' id='word_1_320' title='bbox 1740 2491 1873 2554; x_wconf 89' lang='lat' dir='ltr'>scholis</span> <span class='ocrx_word' id='word_1_321' title='bbox 1897 2493 1932 2554; x_wconf 91' lang='lat' dir='ltr'>in</span> 
     </span>
     <span class='ocr_line' id='line_1_58' title="bbox 1100 2613 1935 2697; baseline -0.002 -21"><span class='ocrx_word' id='word_1_322' title='bbox 1100 2613 1281 2697; x_wconf 90' lang='lat' dir='ltr'>religionis</span> <span class='ocrx_word' id='word_1_323' title='bbox 1297 2613 1491 2697; x_wconf 82' lang='lat' dir='ltr'>principiis,</span> <span class='ocrx_word' id='word_1_324' title='bbox 1515 2623 1591 2675; x_wconf 89' lang='lat' dir='ltr'>arte</span> <span class='ocrx_word' id='word_1_325' title='bbox 1615 2613 1759 2695; x_wconf 90' lang='lat' dir='ltr'>legendi</span> <span class='ocrx_word' id='word_1_326' title='bbox 1784 2622 1821 2676; x_wconf 90' lang='lat' dir='ltr'>et</span> <span class='ocrx_word' id='word_1_327' title='bbox 1846 2613 1935 2677; x_wconf 92' lang='lat' dir='ltr'>scri-</span> 
     </span>
     <span class='ocr_line' id='line_1_59' title="bbox 1100 2735 1936 2817; baseline 0.001 -19"><span class='ocrx_word' id='word_1_328' title='bbox 1100 2736 1208 2798; x_wconf 92' lang='lat' dir='ltr'>bendi</span> <span class='ocrx_word' id='word_1_329' title='bbox 1224 2738 1315 2798; x_wconf 90' lang='lat' dir='ltr'>bene</span> <span class='ocrx_word' id='word_1_330' title='bbox 1331 2735 1577 2809; x_wconf 90' lang='lat' dir='ltr'>instrueretur;</span> <span class='ocrx_word' id='word_1_331' title='bbox 1594 2755 1659 2815; x_wconf 90' lang='lat' dir='ltr'>pro</span> <span class='ocrx_word' id='word_1_332' title='bbox 1675 2735 1936 2817; x_wconf 88' lang='lat' dir='ltr'>ludimagistris</span> 
     </span>
     <span class='ocr_line' id='line_1_60' title="bbox 1100 2857 1937 2941; baseline -0.001 -20"><span class='ocrx_word' id='word_1_333' title='bbox 1100 2877 1213 2941; x_wconf 91' lang='lat' dir='ltr'>usque</span> <span class='ocrx_word' id='word_1_334' title='bbox 1228 2859 1297 2920; x_wconf 94' lang='lat' dir='ltr'>huc</span> <span class='ocrx_word' id='word_1_335' title='bbox 1312 2857 1374 2920; x_wconf 91' lang='lat' dir='ltr'>vili</span> <span class='ocrx_word' id='word_1_336' title='bbox 1389 2858 1552 2919; x_wconf 88' lang='lat' dir='ltr'>mercede</span> <span class='ocrx_word' id='word_1_337' title='bbox 1566 2857 1750 2919; x_wconf 90' lang='lat' dir='ltr'>conductis</span> <span class='ocrx_word' id='word_1_338' title='bbox 1762 2858 1937 2940; x_wconf 89' lang='lat' dir='ltr'>adsigna-</span> 
     </span>
     <span class='ocr_line' id='line_1_61' title="bbox 1100 2970 1935 3061; baseline -0.001 -18"><span class='ocrx_word' id='word_1_339' title='bbox 1100 2981 1152 3043; x_wconf 89' lang='lat' dir='ltr'>vit</span> <span class='ocrx_word' id='word_1_340' title='bbox 1172 2983 1370 3043; x_wconf 90' lang='lat' dir='ltr'>mercedem</span> <span class='ocrx_word' id='word_1_341' title='bbox 1390 2979 1571 3042; x_wconf 91' lang='lat' dir='ltr'>laboribus</span> <span class='ocrx_word' id='word_1_342' title='bbox 1593 2970 1800 3061; x_wconf 88' lang='lat' dir='ltr'>congruam;</span> <span class='ocrx_word' id='word_1_343' title='bbox 1822 2980 1935 3042; x_wconf 90' lang='lat' dir='ltr'>etiam</span> 
     </span>
     <span class='ocr_line' id='line_1_62' title="bbox 1100 3101 1937 3183; baseline -0.001 -18"><span class='ocrx_word' id='word_1_344' title='bbox 1100 3102 1210 3165; x_wconf 93' lang='lat' dir='ltr'>libros</span> <span class='ocrx_word' id='word_1_345' title='bbox 1225 3103 1279 3164; x_wconf 94' lang='lat' dir='ltr'>his</span> <span class='ocrx_word' id='word_1_346' title='bbox 1292 3102 1421 3165; x_wconf 90' lang='lat' dir='ltr'>scholis</span> <span class='ocrx_word' id='word_1_347' title='bbox 1434 3101 1654 3164; x_wconf 90' lang='lat' dir='ltr'>necessarios</span> <span class='ocrx_word' id='word_1_348' title='bbox 1667 3111 1703 3163; x_wconf 93' lang='lat' dir='ltr'>et</span> <span class='ocrx_word' id='word_1_349' title='bbox 1715 3111 1820 3181; x_wconf 89' lang='lat' dir='ltr'>aptos</span> <span class='ocrx_word' id='word_1_350' title='bbox 1832 3102 1937 3183; x_wconf 90' lang='lat' dir='ltr'>typis</span> 
     </span>
     <span class='ocr_line' id='line_1_63' title="bbox 1101 3223 1937 3306; baseline -0.002 -17"><span class='ocrx_word' id='word_1_351' title='bbox 1101 3224 1367 3290; x_wconf 88' lang='lat' dir='ltr'>San-Blasianis</span> <span class='ocrx_word' id='word_1_352' title='bbox 1391 3223 1542 3306; x_wconf 90' lang='lat' dir='ltr'>imprimi</span> <span class='ocrx_word' id='word_1_353' title='bbox 1566 3223 1661 3304; x_wconf 90' lang='lat' dir='ltr'>fecit,</span> <span class='ocrx_word' id='word_1_354' title='bbox 1686 3223 1890 3304; x_wconf 90' lang='lat' dir='ltr'>quempiam</span> <span class='ocrx_word' id='word_1_355' title='bbox 1913 3244 1937 3287; x_wconf 87' lang='lat' dir='ltr'>e</span> 
     </span>
     <span class='ocr_line' id='line_1_64' title="bbox 1100 3345 1935 3427; baseline -0.002 -17"><span class='ocrx_word' id='word_1_356' title='bbox 1100 3347 1174 3410; x_wconf 91' lang='lat' dir='ltr'>suis</span> <span class='ocrx_word' id='word_1_357' title='bbox 1189 3346 1365 3427; x_wconf 89' lang='lat' dir='ltr'>religiosis</span> <span class='ocrx_word' id='word_1_358' title='bbox 1378 3346 1539 3427; x_wconf 85' lang='lat' dir='ltr'>instituit,</span> <span class='ocrx_word' id='word_1_359' title='bbox 1553 3346 1614 3426; x_wconf 92' lang='lat' dir='ltr'>qui</span> <span class='ocrx_word' id='word_1_360' title='bbox 1627 3345 1816 3426; x_wconf 90' lang='lat' dir='ltr'>quotannis</span> <span class='ocrx_word' id='word_1_361' title='bbox 1828 3347 1935 3408; x_wconf 90' lang='lat' dir='ltr'>scho-</span> 
     </span>
     <span class='ocr_line' id='line_1_65' title="bbox 1099 3459 1937 3551; baseline -0.001 -19"><span class='ocrx_word' id='word_1_362' title='bbox 1099 3473 1153 3534; x_wconf 90' lang='lat' dir='ltr'>las</span> <span class='ocrx_word' id='word_1_363' title='bbox 1169 3459 1340 3549; x_wconf 73' lang='lat' dir='ltr'>visitaret,</span> <span class='ocrx_word' id='word_1_364' title='bbox 1357 3468 1679 3551; x_wconf 89' lang='lat' dir='ltr'>ludimagistrorum</span> <span class='ocrx_word' id='word_1_365' title='bbox 1693 3467 1878 3530; x_wconf 89' lang='lat' dir='ltr'>scientiam</span> <span class='ocrx_word' id='word_1_366' title='bbox 1895 3478 1937 3531; x_wconf 89' lang='lat' dir='ltr'>et</span> 
     </span>
     <span class='ocr_line' id='line_1_66' title="bbox 1100 3588 1935 3671; baseline -0.001 -17"><span class='ocrx_word' id='word_1_367' title='bbox 1100 3592 1308 3654; x_wconf 89' lang='lat' dir='ltr'>industriam</span> <span class='ocrx_word' id='word_1_368' title='bbox 1329 3590 1543 3671; x_wconf 80' lang='lat' dir='ltr'>exploraret,</span> <span class='ocrx_word' id='word_1_369' title='bbox 1560 3591 1701 3670; x_wconf 88' lang='lat' dir='ltr'>ineptos</span> <span class='ocrx_word' id='word_1_370' title='bbox 1723 3588 1935 3671; x_wconf 87' lang='lat' dir='ltr'>dimitteret,</span> 
     </span>
     <span class='ocr_line' id='line_1_67' title="bbox 1101 3711 1934 3795; baseline -0.004 -18"><span class='ocrx_word' id='word_1_371' title='bbox 1101 3714 1258 3795; x_wconf 89' lang='lat' dir='ltr'>aptiores</span> <span class='ocrx_word' id='word_1_372' title='bbox 1275 3714 1487 3793; x_wconf 86' lang='lat' dir='ltr'>adsumeret,</span> <span class='ocrx_word' id='word_1_373' title='bbox 1505 3721 1541 3773; x_wconf 92' lang='lat' dir='ltr'>et</span> <span class='ocrx_word' id='word_1_374' title='bbox 1558 3711 1651 3773; x_wconf 92' lang='lat' dir='ltr'>omni</span> <span class='ocrx_word' id='word_1_375' title='bbox 1668 3712 1772 3773; x_wconf 92' lang='lat' dir='ltr'>modo</span> <span class='ocrx_word' id='word_1_376' title='bbox 1789 3711 1934 3794; x_wconf 88' lang='lat' dir='ltr'>prospi-</span> 
     </span>
     <span class='ocr_line' id='line_1_68' title="bbox 1100 3833 1934 3917; baseline 0 -18"><span class='ocrx_word' id='word_1_377' title='bbox 1100 3844 1206 3917; x_wconf 91' lang='lat' dir='ltr'>ceret,</span> <span class='ocrx_word' id='word_1_378' title='bbox 1223 3844 1262 3898; x_wconf 92' lang='lat' dir='ltr'>ut</span> <span class='ocrx_word' id='word_1_379' title='bbox 1278 3834 1338 3916; x_wconf 92' lang='lat' dir='ltr'>pia</span> <span class='ocrx_word' id='word_1_380' title='bbox 1354 3833 1524 3914; x_wconf 91' lang='lat' dir='ltr'>principis</span> <span class='ocrx_word' id='word_1_381' title='bbox 1541 3842 1625 3895; x_wconf 91' lang='lat' dir='ltr'>vota</span> <span class='ocrx_word' id='word_1_382' title='bbox 1641 3833 1934 3915; x_wconf 88' lang='lat' dir='ltr'>adimplerentur.</span> 
     </span>
     <span class='ocr_line' id='line_1_69' title="bbox 1099 3954 1936 4041; baseline -0.004 -20"><span class='ocrx_word' id='word_1_383' title='bbox 1099 3958 1177 4041; x_wconf 81' lang='lat' dir='ltr'>Quo</span> <span class='ocrx_word' id='word_1_384' title='bbox 1195 3957 1336 4039; x_wconf 91' lang='lat' dir='ltr'>quidem</span> <span class='ocrx_word' id='word_1_385' title='bbox 1349 3955 1477 4036; x_wconf 90' lang='lat' dir='ltr'>evenit,</span> <span class='ocrx_word' id='word_1_386' title='bbox 1495 3965 1533 4017; x_wconf 92' lang='lat' dir='ltr'>ut</span> <span class='ocrx_word' id='word_1_387' title='bbox 1546 3954 1688 4017; x_wconf 90' lang='lat' dir='ltr'>scholae</span> <span class='ocrx_word' id='word_1_388' title='bbox 1701 3954 1936 4019; x_wconf 87' lang='lat' dir='ltr'>San-Blasia-</span> 
     </span>
     <span class='ocr_line' id='line_1_70' title="bbox 1099 4076 1934 4160; baseline -0.001 -18"><span class='ocrx_word' id='word_1_389' title='bbox 1099 4101 1165 4143; x_wconf 91' lang='lat' dir='ltr'>nae</span> <span class='ocrx_word' id='word_1_390' title='bbox 1182 4100 1268 4160; x_wconf 91' lang='lat' dir='ltr'>prae</span> <span class='ocrx_word' id='word_1_391' title='bbox 1282 4079 1408 4142; x_wconf 89' lang='lat' dir='ltr'>ceteris</span> <span class='ocrx_word' id='word_1_392' title='bbox 1421 4079 1567 4141; x_wconf 89' lang='lat' dir='ltr'>multum</span> <span class='ocrx_word' id='word_1_393' title='bbox 1582 4076 1794 4140; x_wconf 91' lang='lat' dir='ltr'>efflorerent.</span> <span class='ocrx_word' id='word_1_394' title='bbox 1812 4077 1934 4141; x_wconf 89' lang='lat' dir='ltr'>Etiam</span> 
     </span>
     <span class='ocr_line' id='line_1_71' title="bbox 1100 4199 1934 4281; baseline -0.004 -16"><span class='ocrx_word' id='word_1_395' title='bbox 1100 4205 1144 4265; x_wconf 93' lang='lat' dir='ltr'>de</span> <span class='ocrx_word' id='word_1_396' title='bbox 1165 4203 1302 4264; x_wconf 91' lang='lat' dir='ltr'>cultura</span> <span class='ocrx_word' id='word_1_397' title='bbox 1327 4201 1504 4281; x_wconf 87' lang='lat' dir='ltr'>silvarum,</span> <span class='ocrx_word' id='word_1_398' title='bbox 1531 4202 1575 4262; x_wconf 91' lang='lat' dir='ltr'>de</span> <span class='ocrx_word' id='word_1_399' title='bbox 1599 4202 1704 4262; x_wconf 92' lang='lat' dir='ltr'>modo</span> <span class='ocrx_word' id='word_1_400' title='bbox 1727 4199 1827 4281; x_wconf 91' lang='lat' dir='ltr'>ligna</span> <span class='ocrx_word' id='word_1_401' title='bbox 1847 4202 1934 4262; x_wconf 93' lang='lat' dir='ltr'>sub-</span> 
     </span>
     <span class='ocr_line' id='line_1_72' title="bbox 1099 4322 1932 4407; baseline -0.004 -20"><span class='ocrx_word' id='word_1_402' title='bbox 1099 4325 1181 4388; x_wconf 92' lang='lat' dir='ltr'>ditis</span> <span class='ocrx_word' id='word_1_403' title='bbox 1214 4323 1454 4407; x_wconf 90' lang='lat' dir='ltr'>permittendi,</span> <span class='ocrx_word' id='word_1_404' title='bbox 1482 4331 1518 4385; x_wconf 92' lang='lat' dir='ltr'>et</span> <span class='ocrx_word' id='word_1_405' title='bbox 1544 4343 1589 4385; x_wconf 90' lang='lat' dir='ltr'>ne</span> <span class='ocrx_word' id='word_1_406' title='bbox 1615 4322 1713 4384; x_wconf 90' lang='lat' dir='ltr'>ferae</span> <span class='ocrx_word' id='word_1_407' title='bbox 1745 4323 1932 4385; x_wconf 90' lang='lat' dir='ltr'>silvestres</span> 
     </span>
     <span class='ocr_line' id='line_1_73' title="bbox 1099 4444 1930 4528; baseline -0.002 -19"><span class='ocrx_word' id='word_1_408' title='bbox 1099 4467 1219 4509; x_wconf 90' lang='lat' dir='ltr'>eorum</span> <span class='ocrx_word' id='word_1_409' title='bbox 1239 4446 1402 4528; x_wconf 89' lang='lat' dir='ltr'>frugibus</span> <span class='ocrx_word' id='word_1_410' title='bbox 1428 4447 1594 4508; x_wconf 92' lang='lat' dir='ltr'>damnum</span> <span class='ocrx_word' id='word_1_411' title='bbox 1619 4444 1746 4507; x_wconf 91' lang='lat' dir='ltr'>inferre</span> <span class='ocrx_word' id='word_1_412' title='bbox 1770 4454 1930 4528; x_wconf 88' lang='lat' dir='ltr'>possent,</span> 
     </span>
     <span class='ocr_line' id='line_1_74' title="bbox 1097 4568 1928 4651; baseline -0.004 -19"><span class='ocrx_word' id='word_1_413' title='bbox 1097 4573 1189 4632; x_wconf 93' lang='lat' dir='ltr'>bene</span> <span class='ocrx_word' id='word_1_414' title='bbox 1205 4568 1400 4651; x_wconf 90' lang='lat' dir='ltr'>praecepit.</span> <span class='ocrx_word' id='word_1_415' title='bbox 1424 4569 1534 4630; x_wconf 91' lang='lat' dir='ltr'>Porro</span> <span class='ocrx_word' id='word_1_416' title='bbox 1551 4570 1596 4629; x_wconf 90' lang='lat' dir='ltr'>ad</span> <span class='ocrx_word' id='word_1_417' title='bbox 1612 4569 1816 4630; x_wconf 90' lang='lat' dir='ltr'>mandatum</span> <span class='ocrx_word' id='word_1_418' title='bbox 1833 4568 1928 4648; x_wconf 90' lang='lat' dir='ltr'>prin·</span> 
     </span>
     <span class='ocr_line' id='line_1_75' title="bbox 1098 4689 1930 4774; baseline -0.004 -19"><span class='ocrx_word' id='word_1_419' title='bbox 1098 4692 1186 4774; x_wconf 88' lang='lat' dir='ltr'>cipis</span> <span class='ocrx_word' id='word_1_420' title='bbox 1203 4691 1371 4754; x_wconf 90' lang='lat' dir='ltr'>officiales</span> <span class='ocrx_word' id='word_1_421' title='bbox 1389 4691 1423 4753; x_wconf 91' lang='lat' dir='ltr'>in</span> <span class='ocrx_word' id='word_1_422' title='bbox 1435 4692 1529 4752; x_wconf 91' lang='lat' dir='ltr'>bona</span> <span class='ocrx_word' id='word_1_423' title='bbox 1543 4690 1734 4752; x_wconf 91' lang='lat' dir='ltr'>immobilia</span> <span class='ocrx_word' id='word_1_424' title='bbox 1751 4709 1791 4751; x_wconf 89' lang='lat' dir='ltr'>ac</span> <span class='ocrx_word' id='word_1_425' title='bbox 1805 4689 1930 4752; x_wconf 90' lang='lat' dir='ltr'>debita</span> 
     </span>
     <span class='ocr_line' id='line_1_76' title="bbox 1097 4811 1929 4897; baseline -0.004 -21"><span class='ocrx_word' id='word_1_426' title='bbox 1097 4815 1315 4897; x_wconf 91' lang='lat' dir='ltr'>singulorum</span> <span class='ocrx_word' id='word_1_427' title='bbox 1340 4814 1558 4876; x_wconf 90' lang='lat' dir='ltr'>subditorum</span> <span class='ocrx_word' id='word_1_428' title='bbox 1580 4815 1749 4875; x_wconf 88' lang='lat' dir='ltr'>adcurate</span> <span class='ocrx_word' id='word_1_429' title='bbox 1774 4811 1929 4892; x_wconf 90' lang='lat' dir='ltr'>inquire·</span> 
     </span>
     <span class='ocr_line' id='line_1_77' title="bbox 1097 4934 1928 5017; baseline -0.004 -19"><span class='ocrx_word' id='word_1_430' title='bbox 1097 4940 1194 5017; x_wconf 91' lang='lat' dir='ltr'>bant,</span> <span class='ocrx_word' id='word_1_431' title='bbox 1218 4945 1254 4998; x_wconf 91' lang='lat' dir='ltr'>et</span> <span class='ocrx_word' id='word_1_432' title='bbox 1278 4936 1501 5016; x_wconf 86' lang='lat' dir='ltr'>exploratum</span> <span class='ocrx_word' id='word_1_433' title='bbox 1525 4943 1655 4998; x_wconf 91' lang='lat' dir='ltr'>statum</span> <span class='ocrx_word' id='word_1_434' title='bbox 1680 4935 1745 4997; x_wconf 90' lang='lat' dir='ltr'>sub</span> <span class='ocrx_word' id='word_1_435' title='bbox 1770 4934 1928 4996; x_wconf 91' lang='lat' dir='ltr'>cuiusvis</span> 
     </span>
     <span class='ocr_line' id='line_1_78' title="bbox 1097 5057 1928 5139; baseline -0.004 -18"><span class='ocrx_word' id='word_1_436' title='bbox 1097 5058 1236 5121; x_wconf 91' lang='lat' dir='ltr'>nomine</span> <span class='ocrx_word' id='word_1_437' title='bbox 1253 5058 1396 5139; x_wconf 91' lang='lat' dir='ltr'>proprio</span> <span class='ocrx_word' id='word_1_438' title='bbox 1413 5057 1447 5119; x_wconf 92' lang='lat' dir='ltr'>in</span> <span class='ocrx_word' id='word_1_439' title='bbox 1464 5057 1615 5120; x_wconf 91' lang='lat' dir='ltr'>tabellas</span> <span class='ocrx_word' id='word_1_440' title='bbox 1628 5065 1663 5119; x_wconf 91' lang='lat' dir='ltr'>et</span> <span class='ocrx_word' id='word_1_441' title='bbox 1678 5057 1787 5118; x_wconf 91' lang='lat' dir='ltr'>libros</span> <span class='ocrx_word' id='word_1_442' title='bbox 1800 5057 1928 5118; x_wconf 93' lang='lat' dir='ltr'>adhoc</span> 
     </span>
     <span class='ocr_line' id='line_1_79' title="bbox 1098 5175 1927 5259; baseline -0.008 -15"><span class='ocrx_word' id='word_1_443' title='bbox 1098 5181 1294 5244; x_wconf 89' lang='lat' dir='ltr'>destinatos</span> <span class='ocrx_word' id='word_1_444' title='bbox 1317 5179 1569 5259; x_wconf 89' lang='lat' dir='ltr'>inscribebant,</span> <span class='ocrx_word' id='word_1_445' title='bbox 1592 5177 1641 5240; x_wconf 92' lang='lat' dir='ltr'>ita</span> <span class='ocrx_word' id='word_1_446' title='bbox 1661 5188 1700 5239; x_wconf 94' lang='lat' dir='ltr'>ut</span> <span class='ocrx_word' id='word_1_447' title='bbox 1719 5175 1826 5238; x_wconf 87' lang='lat' dir='ltr'>facile</span> <span class='ocrx_word' id='word_1_448' title='bbox 1847 5195 1927 5257; x_wconf 92' lang='lat' dir='ltr'>per-</span> 
     </span>
     <span class='ocr_line' id='line_1_80' title="bbox 1097 5298 1928 5385; baseline -0.007 -19"><span class='ocrx_word' id='word_1_449' title='bbox 1097 5313 1223 5385; x_wconf 91' lang='lat' dir='ltr'>spectu</span> <span class='ocrx_word' id='word_1_450' title='bbox 1240 5312 1345 5382; x_wconf 90' lang='lat' dir='ltr'>esset,</span> <span class='ocrx_word' id='word_1_451' title='bbox 1367 5302 1470 5382; x_wconf 90' lang='lat' dir='ltr'>quale</span> <span class='ocrx_word' id='word_1_452' title='bbox 1493 5300 1641 5382; x_wconf 92' lang='lat' dir='ltr'>quisque</span> <span class='ocrx_word' id='word_1_453' title='bbox 1663 5301 1707 5361; x_wconf 90' lang='lat' dir='ltr'>de</span> <span class='ocrx_word' id='word_1_454' title='bbox 1727 5299 1831 5361; x_wconf 93' lang='lat' dir='ltr'>bonis</span> <span class='ocrx_word' id='word_1_455' title='bbox 1852 5298 1928 5361; x_wconf 89' lang='lat' dir='ltr'>suis</span> 
     </span>
     <span class='ocr_line' id='line_1_81' title="bbox 1097 5423 1928 5507; baseline -0.008 -18"><span class='ocrx_word' id='word_1_456' title='bbox 1097 5425 1252 5507; x_wconf 88' lang='lat' dir='ltr'>vectigal</span> <span class='ocrx_word' id='word_1_457' title='bbox 1274 5423 1414 5486; x_wconf 91' lang='lat' dir='ltr'>domino</span> <span class='ocrx_word' id='word_1_458' title='bbox 1436 5425 1596 5504; x_wconf 89' lang='lat' dir='ltr'>deberet,</span> <span class='ocrx_word' id='word_1_459' title='bbox 1622 5442 1704 5483; x_wconf 92' lang='lat' dir='ltr'>num</span> <span class='ocrx_word' id='word_1_460' title='bbox 1729 5441 1802 5483; x_wconf 92' lang='lat' dir='ltr'>rem</span> <span class='ocrx_word' id='word_1_461' title='bbox 1826 5441 1928 5483; x_wconf 92' lang='lat' dir='ltr'>suam</span> 
     </span>
    </p>
   </div>
   <div class='ocr_carea' id='block_1_6' title="bbox 0 0 2130 6112">
    <p class='ocr_par' dir='ltr' id='par_1_7' title="bbox 0 0 2130 6112">
     <span class='ocr_line' id='line_1_82' title="bbox 0 0 2130 6112; baseline 0 2"><span class='ocrx_word' id='word_1_462' title='bbox 0 0 2130 6112; x_wconf 95' lang='lat' dir='ltr'> </span> 
     </span>
    </p>
   </div>
  </div>
 </body>
</html>
