4252 6112
924 488 1204 557 ,143-

192 673 363 737 Marianis
381 684 416 735 et
433 681 700 754 cooperatorem
717 672 763 734 ad
778 690 805 733 s.
821 670 971 734 Mariam
986 670 1022 734 in

191 797 285 860 valle
294 795 434 857 Martia.
447 793 598 858 Sublato
611 791 824 856 monasterio
837 811 901 855 suo
912 792 1021 874 (1786)

192 918 298 982 rediit
313 919 359 979 ad
376 916 493 981 Cellas
506 916 547 978 B.
560 916 614 998 V.,
631 915 834 998 ibidemque
851 935 921 997 qua
937 934 1022 997 poe-

192 1038 415 1102 nitentiarius
432 1038 520 1100 obiit
537 1041 565 1100 5.
582 1037 670 1119 Apr.
692 1041 781 1099 1810.

278 1178 391 1262 Typis
419 1177 560 1259 quidem
587 1176 672 1239 nihil
696 1176 808 1258 dedit,
833 1175 896 1238 sed
919 1175 1022 1257 plura

191 1300 303 1383 ipsius
320 1309 445 1364 extant
469 1300 709 1381 manuscripta
731 1299 898 1362 historica
919 1297 955 1360 in
970 1297 1022 1360 bi·

192 1423 371 1486 bliotheca
392 1434 428 1485 et
446 1422 591 1485 archivo
606 1422 653 1484 ad
666 1441 693 1484 s.
706 1421 943 1502 Lambertum,
957 1419 1022 1482 sci·

191 1545 290 1609 licet:

280 1672 302 1727 Ι.
319 1671 388 1727 Vita
403 1689 428 1727 s.
446 1668 611 1727 Lamberti.

281 1776 318 1832 II.
335 1776 471 1832 Historia
487 1774 629 1832 abbatum
650 1793 675 1831 s.
692 1771 847 1830 Lamberti
868 1789 964 1847 usque
984 1771 1023 1828 ad

194 1880 379 1937 loachimum
397 1881 419 1935 I.

282 1985 334 2041 ΙΙΙ.
356 1982 519 2041 Succincta
539 1985 645 2040 notitIa
662 1984 814 2040 variorum
834 1983 969 2040 locorum
985 1980 1023 2037 ad

192 2108 218 2146 s.
236 2087 431 2145 Lambertum
447 2089 669 2165 pertinentium.

280 2192 331 2249 IV.
349 2193 396 2249 De
416 2194 488 2249 viris
509 2191 672 2250 illustribus
692 2192 868 2249 monasterii
888 2209 913 2247 s.
933 2191 1023 2247 Lam·

192 2280 300 2353 berti.'

281 2401 318 2457 V.
335 2401 383 2457 De
395 2399 594 2477 scriptoribus
611 2413 641 2456 et
656 2399 833 2457 authoribus
850 2401 1024 2456 monasterii

194 2526 220 2564 s.
238 2505 402 2563 Lamberti.

281 2611 332 2667 VI.
350 2609 517 2688 Corollaria
533 2608 570 2665 de
586 2608 715 2664 diversis
731 2605 823 2664 rebus
839 2608 878 2664 ad
894 2626 917 2665 s.
935 2608 1025 2664 Lam-

194 2715 314 2773 bertum
332 2712 560 2790 pertInentibus.

281 2819 346 2876 Vll.
361 2818 544 2874 Dissertatio
557 2816 717 2892 peculiaris
730 2830 760 2872 et
772 2818 859 2873 crisis
875 2815 913 2872 de
928 2817 1025 2892 primo

193 2921 305 2981 abbate
321 2941 345 2978 s.
363 2920 517 2978 Lamberti
539 2934 569 2977 et
591 2920 628 2976 de
645 2920 752 2977 ordine
767 2939 803 2977 ac
820 2922 898 2977 serie
914 2922 1026 2997 primo·

194 3047 259 3086 rum
275 3025 415 3083 abbatum
433 3025 566 3087 eiusdem
583 3027 767 3082 monasterii.
815 3103 816 3107 ἵ

281 3132 362 3188 VIII.
374 3132 588 3189 Monasterium
605 3149 629 3187 s.
643 3129 798 3187 Lamberti
815 3130 1028 3186 concernentia

194 3232 324 3294 collecta
348 3254 386 3292 ex
410 3235 495 3292 lastis
520 3234 801 3311 ,Campililiensibus
826 3253 862 3292 ex
885 3233 1027 3310 Aquilino

194 3341 271 3398 Iulio
288 3341 429 3409 Caesare,
452 3359 489 3396 ex
504 3340 662 3407 Bruschi0‚
679 3357 716 3396 ex
732 3338 919 3414 Wollgango
934 3339 1027 3396 Lario

196 3459 228 3502 et
243 3445 320 3502 aliis.

285 3589 438 3666 Graser
459 3602 712 3685 Rudolphus
734 3601 1028 3685 (Cremifanen-

196 3721 279 3803 sis),
301 3721 413 3784 Lincii
437 3722 494 3783 die
514 3744 544 3799 4.
561 3722 624 3786 Iul.
645 3726 725 3801 1728
746 3733 860 3786 natus.
884 3722 1027 3786 Litteris

196 3844 461 3908 humanioribus
482 3844 518 3906 in
537 3844 753 3907 monasterio
773 3842 928 3908 Garsten
950 3865 1028 3908 eru·

198 3966 304 4047 ditus,
329 3965 540 4029 rhetoricam
563 3965 753 4029 CremiIani
777 3966 939 4050 absolvit,
961 3968 1028 4030 sol·

105 4109 109 4113 ·
198 4088 305 4151 lemni
320 4088 541 4171 professione
558 4089 615 4151 die
635 4092 683 4153 13.
697 4089 786 4152 Nov.
804 4092 883 4169 1745
901 4090 1029 4153 emissa

198 4212 317 4275 coetui
347 4213 597 4274 monachorum
625 4210 939 4275 Cremilanensium
968 4213 1030 4276 ad·

199 4335 363 4416 scriptus,
389 4334 573 4397 altioribus
596 4334 723 4397 studiis
746 4334 876 4416 partim
899 4332 1030 4397 Cremi-

200 4457 284 4538 fani,
297 4457 426 4538 partim
441 4455 640 4539 Salisburgi
654 4456 825 4519 conlectis
838 4457 895 4520 die
911 4478 938 4522 1.
952 4457 1031 4522 Oct.

205 4582 284 4658 1752
302 4579 471 4641 sacerdos
492 4577 608 4640 factus
625 4589 689 4642 est.
713 4577 874 4660 Linguae
894 4579 1032 4660 patriae

200 4688 322 4762 cultus
335 4700 371 4763 in
388 4701 535 4763 Austria
558 4701 740 4782 superiore
756 4702 943 4784 neglectus
962 4702 1032 4784 pri·

202 4842 296 4884 mum
312 4821 380 4903 ipsi
397 4831 479 4903 post
495 4822 613 4884 studia
629 4842 731 4885 sacra
753 4822 936 4904 negotium
956 4822 1032 4887 fuit.

201 4943 317 5025 Quem
334 4943 368 5005 in
380 4941 486 5005 finem
503 4962 581 5005 cum
595 4943 790 5005 clarissimo
800 4941 1034 5007 Gottschedio

202 5076 241 5128 et
258 5065 416 5128 litterata
432 5066 508 5129 eius
525 5065 675 5149 coniuge
697 5065 789 5128 datis
805 5064 1034 5147 acceptisque

203 5188 368 5269 epistulis
387 5188 582 5250 litterarum
606 5187 852 5250 commercium
872 5186 1033 5269 instituit,

208 5313 377 5389 1757-60
393 5310 573 5391 professor
588 5309 751 5391 poeticae
773 5309 932 5372 eiusdem
951 5308 1034 5371 anni

205 5450 327 5494 mense
348 5432 516 5515 Augusto
539 5432 696 5495 Parisios
719 5450 831 5513 usque
856 5431 1035 5513 profectus

1102 671 1242 754 linguas
1266 670 1439 735 Gallicam
1466 680 1502 735 et
1527 672 1758 756 Hispanicum
1783 694 1849 737 usu
1878 674 1928 736 di-

1104 792 1198 857 dicit.
1231 793 1340 869 Unde
1366 798 1444 874 1762
1472 814 1636 859 reversus
1659 807 1869 878 cooperator
1892 798 1927 861 in
1981 769 1983 774 ³

1101 917 1339 1001 Viechtwang
1355 926 1392 979 et
1407 905 1665 1003 Buchkirchen,
1683 920 1811 984 deinde
1826 939 1928 1003 paro·

1101 1041 1187 1103 chus
1208 1039 1244 1104 in
1264 1041 1519 1124 Eberstallzell‚
1540 1043 1740 1107 Fischlham
1765 1054 1801 1109 et
1821 1044 1928 1126 Ried,

1102 1162 1316 1227 clarissimus
1332 1165 1432 1228 verbi
1454 1165 1564 1229 divini
1584 1186 1715 1248 praeco
1735 1189 1828 1233 anno
1848 1189 1928 1250 1779

1101 1285 1148 1347 ab
1161 1285 1340 1349 electorali
1352 1287 1524 1350 societate
1539 1288 1711 1352 litteraria
1722 1291 1928 1355 Monacensi

1102 1407 1148 1471 ad
1162 1408 1644 1492 excolendam'eloquentiam
1659 1430 1796 1476 sacram
1811 1415 1929 1478 socius

1103 1529 1301 1594 ordinarius
1326 1532 1433 1594 misso
1458 1531 1651 1616 diplomate
1678 1546 1880 1620 cooptatus,
1908 1558 1929 1599 a

1102 1653 1303 1717 Trevirensi
1324 1657 1479 1737 quodam
1497 1678 1675 1742 anonymo
1692 1671 1930 1743 „restaurator

1102 1775 1327 1858 eloquentiae
1343 1780 1487 1842 sacrae“
1505 1780 1632 1864 dictus,
1653 1803 1674 1845 a
1695 1782 1929 1847 Berolinensi-

1101 1898 1451 1992 busnrecensentibus
1464 1921 1529 1965 ceu
1541 1923 1663 1966 norma
1679 1904 1752 1968 suis
1763 1907 1864 1970 verbi
1878 1907 1929 1969 di-

1102 2019 1174 2082 vini
1190 2020 1357 2084 ministris
1372 2024 1576 2106 propositus
1591 2034 1657 2091 est.
1674 2026 1773 2091 Obiit
1791 2048 1840 2092 20.
1855 2029 1928 2094 Ian.

1107 2148 1198 2223 1787.

1189 2266 1286 2330 Libri
1301 2269 1487 2352 Rudolphi
1503 2268 1649 2335 Graser:

1190 2393 1213 2449 Ι.
1231 2393 1436 2453 Todtenbriel
1457 2396 1533 2454 liber
1553 2397 1608 2455 das
1631 2399 1736 2457 Leben
1758 2399 1930 2458 Alexander

1103 2498 1304 2557 Fixlmillners
1324 2500 1377 2557 ΙΙΙ.
1398 2503 1666 2578 preiswiirdigsten
1681 2503 1781 2561 Abten
1803 2505 1857 2562 des
1881 2526 1930 2563 ur·

1104 2603 1183 2660 alten
1195 2581 1505 2664 Benedictinerstiltes
1517 2608 1757 2666 Cremsmfinster
1772 2623 1829 2667 etc.
1847 2610 1930 2668 latei-

1104 2709 1189 2766 nisch
1204 2708 1335 2766 versasst
1350 2710 1409 2767 und
1424 2712 1585 2782 nachmals,
1606 2731 1630 2788 a¹
1644 2714 1677 2771 P.
1695 2712 1856 2791 Rudolpho
1872 2716 1930 2772 sci·

1105 2813 1175 2870 licet
1194 2812 1416 2871 verdeutschet.
1440 2813 1469 2894 (i.
1491 2815 1724 2888 e.‚Germanica
1744 2821 1846 2876 versio
1867 2822 1931 2896 epi·

1105 2918 1203 2975 stulae
1234 2918 1375 2975 rotularis
1406 2922 1435 2976 in
1465 2918 1605 2978 abbatem
1635 2920 1839 2980 Alexandrum
1867 2923 1930 3003 ΙΙΙ.)

1106 3019 1318 3098 Steyr‚1759.

1192 3128 1230 3184 ΙΙ.
1249 3128 1457 3204 Vollstandige
1472 3130 1602 3186 Lehrart
1621 3151 1657 3187 zu
1677 3133 1833 3209 predigen.
1857 3131 1886 3213 (i.
1903 3155 1930 3192 e.

1106 3234 1257 3290 Institutio
1279 3233 1318 3290 ad
1341 3233 1573 3310 praedicandum
1596 3234 1721 3293 verbum
1745 3235 1824 3317 Dei.)
1846 3237 1931 3296 Salz·

1106 3336 1194 3413 burg,
1216 3336 1306 3411 1766.
1323 3344 1366 3411 4⁰.
1386 3351 1445 3411 717
1462 3357 1491 3414 p.

1193 3441 1245 3498 III.
1263 3441 1493 3504 Dasdreilache
1506 3443 1583 3510 Heil‚
1600 3463 1636 3502 so
1652 3445 1710 3503 den
1725 3447 1931 3505 katholischen

1107 3545 1349 3603 Gotteshausern
1377 3546 1470 3604 durch
1497 3548 1561 3604 ihre
1585 3549 1783 3628 Einweihung
1805 3553 1932 3611 wieder·

1106 3649 1194 3707 lahrt.
1216 3647 1245 3728 (i.
1263 3668 1289 3707 e.
1311 3651 1357 3706 De
1377 3651 1487 3727 triplici
1507 3651 1718 3714 benedIctione
1739 3658 1931 3716 ecclesiarum

1107 3755 1320 3812 catholicarum
1329 3774 1366 3812 ex
1376 3760 1605 3816 consecratione
1617 3777 1719 3817 earum
1727 3761 1932 3841 redundante.)

1107 3860 1319 3935 Vorgetragen
1352 3880 1387 3916 zu
1418 3861 1598 3938 WIndhaag.
1629 3863 1735 3940 Steyr‚
1766 3867 1932 3924 Menhardt.

1112 3962 1202 4038 1768.
1219 3980 1258 4037 4²
1277 3984 1306 4041 p.

1195 4071 1245 4128 IV.
1255 4071 1432 4128 Praktisehe
1440 4072 1667 4132 Beredsamlreit
1678 4075 1732 4133 der
1744 4076 1933 4134 christlichen

1110 4175 1233 4244 Kanzel‚
1255 4177 1285 4232 in
1304 4175 1430 4251 Regeln‚
1451 4176 1617 4254 Exempeln
1637 4179 1696 4236 und
1716 4181 1934 4257 vollstandigen

1110 4283 1255 4339 Mustern.
1279 4276 1309 4360 (i.
1330 4300 1356 4339 e.
1378 4279 1410 4339 S.
1428 4281 1600 4357 eloquentia
1616 4285 1750 4360 practica
1765 4289 1937 4362 praeceptis

1110 4399 1141 4443 et
1156 4385 1302 4461 exemplis
1318 4383 1543 4465 demonstrata.)
1559 4387 1613 4443 Mit
1628 4390 1711 4445 elner
1725 4389 1861 4447 Vorrede
1878 4409 1936 4447 ron

1111 4492 1234 4547 Maurus
1257 4490 1465 4566 Lindermayr.
1492 4490 1671 4568 Augsburg,
1697 4492 1818 4569 Rieger.
1847 4493 1936 4569 1769.

1115 4608 1174 4670 70²
1193 4615 1223 4672 p.

1198 4702 1235 4758 V.
1260 4700 1421 4775 Predigten
1444 4701 1497 4757 aul
1515 4700 1572 4758 alle
1593 4699 1691 4758 Sonn·
1715 4702 1773 4759 und
1794 4704 1938 4777 Festtage

1113 4806 1167 4863 des
1182 4807 1297 4883 Jahres.
1322 4801 1351 4882 (i.
1369 4823 1395 4861 e.
1418 4805 1589 4862 Conciones
1608 4824 1714 4862 sacrae
1738 4826 1794 4882 pro
1814 4807 1938 4881 siugulis

1114 4911 1270 4968 dominicis
1293 4908 1439 4985 festisque
1460 4907 1565 4966 diebus
1586 4908 1783 4989 distributae.)
1806 4911 1828 4967 l.
1845 4911 1937 4968 Band.

1113 5014 1288 5089 Augsburg,
1316 5027 1405 5087 1772.
1429 5021 1471 5087 4⁰.
1495 5013 1596 5070 Editio
1616 5013 1713 5071 altera
1736 5028 1825 5088 1774.
1851 5017 1939 5072 tertia

1118 5117 1209 5194 1776.
1228 5117 1289 5193 726
1306 5138 1335 5195 p.
1438 5159 1442 5166 -

1200 5223 1251 5281 VI.
1276 5223 1437 5298 Predigten
1457 5221 1511 5278 aul
1526 5221 1582 5278 alle
1603 5220 1701 5279 Sonn·
1721 5223 1780 5280 und
1796 5225 1939 5300 Festtage

1114 5328 1168 5386 des
1183 5329 1299 5405 Jahres.
1317 5327 1354 5384 Il.
1371 5326 1463 5385 Band.
1480 5326 1654 5404 Augsbmg,
1671 5341 1762 5402 1775.
1779 5335 1821 5402 4⁰.
1838 5330 1940 5387 Editio

1114 5434 1209 5491 altera
1229 5430 1318 5506 1776.
1336 5432 1396 5489 602
1415 5451 1443 5508 p.
