4222 6106
900 503 942 511 —-
987 466 1107 529 CXIV
1153 504 1193 511 —

183 704 323 756 constat
353 692 575 769 luculentius,
605 702 774 773 quantum
804 692 1026 755 abhorruerit
1049 712 1070 754 a
1093 692 1385 755 scholasticorum
1408 694 1522 776 gerris
1545 704 1581 756 et
1605 695 1726 776 nugiS,
1759 714 1852 775 quae
1880 694 1914 756 in

184 853 284 914 spem
306 832 446 895 futurae
470 831 657 894 oblivionis
680 830 959 911 perdiscuntur.“

313 971 413 1052 Quae
437 981 561 1054 egerat
585 969 790 1050 Gerbertus,
814 968 1019 1051 Stephanus
1042 970 1344 1050 Rautenstrauch,
1368 972 1496 1034 Abbas
1519 972 1780 1036 eruditissimus
1804 972 1914 1034 Brau-

184 1111 372 1190 naviensis,
395 1109 431 1172 in
455 1109 636 1172 Austriam
661 1109 850 1172 transtulit.
897 1109 930 1171 Is
958 1128 1039 1187 1774
1063 1128 1190 1171 novam
1214 1109 1416 1192 theologiae
1448 1111 1631 1174 docendae
1658 1112 1753 1173 viam
1787 1130 1915 1192 propo·

184 1250 264 1329 suit,
288 1238 379 1329 quae
403 1248 609 1311 assensione
632 1247 880 1329 episcoporum
905 1257 941 1309 et
964 1246 1099 1309 Mariae
1116 1246 1308 1310 Theresiae
1332 1247 1568 1329 imperatricis
1592 1251 1826 1331 comprobata
1851 1261 1916 1311 est.

185 1389 310 1470 Itaque
337 1386 455 1450 studia
477 1385 678 1468 theologica
702 1385 752 1447 ita
775 1385 1060 1466 instituebantur,
1085 1396 1124 1449 ut
1147 1385 1336 1466 disciplina
1360 1387 1563 1468 dogmatica
1587 1397 1622 1450 et
1645 1388 1800 1468 moraliS,
1825 1407 1916 1469 quae

185 1548 231 1590 ex
254 1526 363 1588 sacris
386 1525 513 1588 litteris
537 1536 573 1588 et
596 1524 738 1605 scriptis
763 1544 790 1588 s
807 1523 952 1586 Patrum
974 1522 1134 1586 adhibita
1156 1524 1419 1587 hermeneutica
1443 1535 1479 1586 et
1502 1526 1704 1608 patrologia
1720 1526 1917 1589 haurienda

185 1676 289 1746 esset,
314 1632 442 1727 deihde
465 1664 521 1726 ius
545 1663 751 1726 canonicum
775 1682 854 1725 curn
876 1665 1044 1745 generale
1068 1674 1142 1727 tum
1158 1664 1349 1747 singulare,
1372 1675 1446 1728 tum
1470 1666 1652 1748 theologia
1675 1677 1916 1745 controversa,

184 1815 364 1887 postremo
395 1803 585 1884 pastoralis
616 1803 850 1865 traderentur.
888 1801 1085 1884 Theologia
1114 1803 1285 1883 pastorali
1314 1803 1555 1866 institutiones
1586 1805 1766 1867 orationes
1797 1823 1917 1866 sacras

183 1942 348 2023 habendi,
372 1961 398 2003 s
423 1949 645 2004 sacramenta
668 1939 954 2021 administrandi,
986 1960 1106 2003 sacras
1135 1941 1354 2004 ceremonias
1384 1943 1450 2004 rite
1478 1941 1702 2024 perficiendi,
1736 1944 1830 2005 ratio
1861 1943 1917 2025 pie

184 2081 328 2144 vivendi
359 2079 632 2142 continerentur.
678 2079 743 2140 His
774 2088 955 2159 tamquam
986 2078 1195 2160 disciplinae
1227 2079 1419 2143 adiutrices
1450 2080 1731 2164 adiungerentur
1763 2081 1918 2144 studium

187 2218 348 2283 Graecae
365 2229 401 2282 et
417 2216 639 2281 orientalium
652 2217 851 2300 linguarum
865 2227 972 2298 atque
985 2217 1131 2280 historia
1147 2218 1320 2280 ecclesiae
1337 2229 1374 2282 et
1388 2218 1585 2282 litterarum
1596 2219 1880 2302 theologicarum
1887 2220 1918 2299 ¹).

216 2378 222 2390 ·
315 2359 414 2420 Haec
446 2356 763 2420 Rautenstrauchii
793 2356 899 2438 rati0,
932 2377 1023 2438 quae
1058 2357 1185 2419 leviter
1220 2366 1355 2420 mutata
1388 2357 1495 2421 etiam
1534 2358 1663 2420 nostris
1699 2357 1919 2438 temporibus

186 2498 313 2561 studiis
335 2496 546 2578 theologicis
569 2494 603 2557 in
621 2496 767 2558 Austria
790 2494 1056 2558 fundamentum
1073 2504 1138 2576 est,
1162 2496 1197 2559 in
1213 2496 1376 2559 omnibus
1392 2497 1525 2559 ordinis
1542 2497 1681 2578 scholis,
1707 2516 1800 2579 quae
1819 2510 1918 2559 erant

187 2639 221 2700 in
251 2636 399 2718 imperio
423 2634 632 2714 Austriac0,
665 2633 809 2696 inducta
840 2644 895 2696 est
925 2653 1079 2715 moxque
1110 2634 1145 2696 in
1177 2634 1326 2716 singulis
1358 2634 1520 2717 partibus
1551 2636 1753 2716 complures
1785 2635 1918 2698 ordinis

186 2775 328 2838 sodales
352 2774 534 2837 doctrinae
557 2772 652 2835 fama
675 2772 850 2835 nobilitati
874 2783 965 2836 sunt.

317 2913 390 2978 Sed
413 2924 532 2977 tamen
555 2913 601 2974 ad
624 2913 715 2974 hanc
738 2910 1030 2975 instaurationem
1054 2931 1147 2975 nova
1163 2914 1338 2992 quaedam
1355 2924 1592 2992 accesserunt,
1610 2932 1712 2994 quae,
1731 2914 1919 2995 quominus

188 3054 305 3118 studia
339 3052 541 3134 theologica
575 3048 723 3113 laetiora
754 3062 923 3132 caperent
958 3050 1192 3132 incrementa,
1228 3053 1430 3115 obstabant.
1477 3052 1602 3134 Neque
1638 3072 1723 3114 vero
1760 3054 1851 3116 haec
1885 3052 1918 3114 in

188 3191 504 3257 Rautenstrauchii
528 3190 683 3253 consiliis
707 3202 816 3254 erant.
855 3190 924 3271 Qui
947 3191 999 3253 vir
1023 3192 1159 3272 doctus,
1183 3210 1253 3271 quo
1274 3202 1419 3254 auctore
1443 3190 1631 3271 disciplina
1654 3191 1847 3273 pastoralis
1870 3190 1918 3253 in·

189 3335 296 3396 ducta
332 3342 402 3409 est,
438 3351 652 3412 quamquam
685 3341 883 3411 temporum
913 3329 1069 3392 moribus
1101 3332 1290 3393 tenebatur
1321 3339 1358 3392 et
1389 3349 1545 3392 summae
1577 3329 1716 3410 imperii
1749 3328 1919 3410 potestati

188 3471 344 3552 favebat,
368 3480 486 3533 tamen
511 3470 595 3532 nihil
619 3469 685 3532 nisi
709 3468 745 3531 id
769 3468 961 3548 contendit,
985 3480 1023 3531 ut
1047 3469 1200 3531 studium
1225 3468 1428 3551 theologiae
1451 3469 1486 3529 in
1512 3467 1659 3530 Austria
1685 3479 1864 3531 cresceret
1886 3480 1920 3530 et

188 3609 340 3672 floreret.
371 3609 460 3670 Tum
480 3628 576 3687 vero,
601 3628 679 3669 cum
696 3617 749 3670 tot
764 3606 979 3669 monasteria
1002 3608 1175 3687 obpressa
1199 3616 1235 3669 et
1259 3606 1293 3668 in
1317 3606 1369 3686 iis,
1396 3625 1487 3686 quae
1503 3615 1723 3687 supererant,
1748 3607 1920 3668 sodalium

189 3766 354 3811 numerus
387 3748 476 3810 adeo
507 3746 708 3809 deminutus
740 3756 845 3826 esset,
879 3756 917 3807 ut
949 3742 1075 3807 officiis
1099 3744 1254 3806 muneris
1278 3744 1510 3807 ecclesiastici
1534 3744 1707 3806 obeundis
1731 3744 1794 3806 vix
1819 3762 1920 3825 pares

190 3898 320 3967 essent,
344 3906 423 3948 cum
439 3884 655 3947 monasteria
671 3883 808 3964 magnis
825 3881 1025 3964 sumptibus
1048 3892 1084 3944 et
1106 3882 1252 3945 iacturis
1272 3892 1418 3964 propter
1437 3883 1532 3944 bella
1552 3902 1630 3944 cum
1654 3881 1682 3943 F
1686 3879 1921 3945 ramo-Gallis

191 4037 294 4109 gesta
315 4025 499 4104 exhausta,
523 4023 705 4085 academia
722 4020 1005 4103 Salisburgensis
1023 4021 1165 4101 abolita,
1190 4021 1341 4084 ecclesia
1358 4020 1533 4084 catholica
1548 4023 1594 4082 ab
1611 4020 1760 4101 imperio
1784 4039 1921 4103 regere

190 4177 247 4229 tur
270 4184 311 4226 ac
334 4165 602 4244 gubernaretur,
633 4160 709 4223 fieri
737 4180 807 4222 non
839 4159 965 4240 potuit,
997 4170 1036 4222 ut
1062 4160 1179 4221 studia
1202 4158 1405 4242 theologica
1428 4179 1449 4220 a
1472 4160 1654 4221 sodalibus
1678 4171 1715 4222 et
1739 4158 1873 4221 ordinis
1896 4178 1920 4220 s.

190 4302 378 4366 Benedicti
403 4313 438 4364 et
462 4300 546 4363 cleri
568 4299 724 4362 universi
748 4317 800 4378 ea,
826 4318 896 4379 qua
919 4300 1118 4380 oportebat,
1150 4318 1234 4360 cura
1258 4299 1465 4360 colerentur.
1510 4298 1640 4361 Nostra
1667 4301 1815 4362 tandem
1838 4312 1921 4361 tem-

190 4461 289 4523 pora,
314 4450 352 4502 ut
374 4439 410 4501 in
434 4439 522 4518 aliis,
546 4438 580 4500 in
604 4437 659 4499 his
682 4455 824 4517 quoque
848 4438 955 4498 rebus
978 4447 1060 4499 sunt
1083 4436 1238 4498 meliora.

321 4578 490 4659 Quamvis
514 4588 674 4658 tempora
697 4575 827 4638 fuerint
844 4586 915 4637 tam
933 4576 1095 4653 adversa,
1112 4575 1205 4636 haud
1222 4575 1327 4656 pauci
1344 4575 1538 4657 scriptores
1554 4576 1723 4658 operibus
1742 4578 1817 4640 suis
1834 4582 1921 4640 bene

190 4719 305 4784 meriti
330 4728 421 4781 sunt.
460 4716 678 4779 'l'ractabant
702 4714 907 4795 disciplinas
931 4714 1168 4795 theologicas:
1194 4714 1368 4777 Martinus
1385 4713 1539 4777 Gerbert
1563 4717 1607 4777 de
1627 4715 1809 4793 Hornau2)
1834 4719 1935 4779 eius-

192 4880 259 4941 que
287 4858 438 4935 sodaleS,
467 4855 633 4918 Firtanus
656 4853 787 4916 Linder
815 4864 850 4914 et
875 4851 1095 4913 Aemilianus
1119 4851 1351 4920 Ussermann.
1383 4861 1531 4933 uterque
1563 4853 1690 4914 studiis
1721 4854 1926 4937 linguarum

192 4997 458 5073 clarissimus³):
499 4994 662 5056 Andreas
694 4991 918 5056 Oberleitner
949 4990 1148 5067 Scotensis,
1181 4990 1388 5073 linguarum
1412 4992 1632 5055 orientalium
1666 4993 1928 5077 investigator:

323 5189 344 5265 ¹)
370 5192 509 5252 Werner.
534 5188 716 5244 Geschichte
740 5187 794 5242 der
819 5187 898 5244 kath.
924 5187 1103 5261 'lheologie

322 5300 343 5379 ²)
367 5303 496 5358 Werner
520 5302 537 5358 l.
563 5323 587 5357 c.

326 5413 345 5490 ³)
371 5415 415 5468 lle
440 5414 581 5489 operibus
606 5415 817 5470 monachorum
844 5417 871 5468 in
896 5415 950 5469 hac
975 5428 1060 5487 parte
1084 5426 1324 5469 enumeratorum
1349 5411 1386 5469 cs.
1411 5416 1576 5488 scriptores
1600 5414 1622 5469 Ι.
1647 5415 1684 5470 ΙΙ.
