4222 6106
905 525 947 535 -—
993 487 1115 550 XCVI
1160 526 1200 534 —

190 726 317 796 postea
350 715 490 796 singula
524 713 736 775 monasteria
767 711 1048 794 Cremifanense,
1080 714 1339 795 Lambacense,
1369 712 1558 796 Scotense,
1582 713 1718 776 Mariae
1742 712 1915 794 Cellense,

192 854 432 936 Gottvicense,
450 853 653 933 Garstense‚
671 855 915 915 Admontense
939 854 1077 916 omissis
1101 853 1371 916 auctoritatibus
1394 854 1674 934 perseverabant
1689 854 1721 933 ¹).
1764 853 1815 914 At
1831 871 1916 914 vero

191 996 331 1057 nomina
354 993 530 1055 annalium
553 993 774 1074 scriptorum,
799 1013 876 1054 cum
901 1001 1044 1074 praeter
1058 992 1276 1055 Fridericum
1293 989 1523 1053 Garstensem
1546 992 1662 1054 nullus
1686 991 1917 1074 adscripserit

191 1151 327 1213 nomen,
351 1131 499 1214 proferri
522 1151 591 1193 non
615 1140 773 1213 possunt.

318 1270 431 1350 Quam
455 1270 744 1331 consuetudinem
768 1270 913 1331 annales
937 1269 1114 1331 scribendi
1138 1269 1245 1332 etiam
1268 1267 1329 1331 filii
1353 1290 1379 1332 s.
1403 1269 1591 1332 Benedicti
1618 1269 1654 1332 in
1677 1269 1852 1332 Bohemia
1879 1278 1914 1331 et

190 1409 350 1471 Iloravia
373 1408 535 1471 viventes
566 1408 704 1470 ardenti
735 1408 852 1470 studio
884 1408 1040 1490 amplexi
1071 1418 1161 1471 sunt.
1209 1408 1430 1490 Quamquam
1453 1409 1549 1471 vitae
1573 1429 1600 1472 s.
1618 1408 1809 1471 Adalberti
1832 1409 1916 1471 Pra-

189 1548 310 1630 gensis
344 1546 504 1628 episcopi
538 1556 574 1609 et
605 1545 779 1609 Guntheri
813 1549 858 1608 ab
893 1546 1050 1610 externis
1086 1547 1319 1629 scriptoribus
1353 1547 1536 1628 profectae
1568 1549 1697 1628 sunt2),
1730 1558 1851 1609 tamen
1882 1546 1915 1609 in

190 1685 381 1748 Bohemiae
404 1684 626 1747 monasteriis
650 1705 758 1767 saepe
783 1686 983 1768 descriptae
1014 1696 1050 1748 et
1078 1685 1186 1748 variis
1213 1706 1284 1748 non
1310 1706 1488 1768 nunquam
1515 1686 1621 1750 etiam
1649 1686 1750 1749 falsis
1778 1686 1916 1749 addita-

189 1825 316 1888 mentis
340 1834 466 1887 auctae
489 1835 580 1887 sunt.

319 1963 373 2026 Ibi
396 1963 599 2024 Herodotus
620 1963 720 2043 quasi
742 1962 911 2025 historiae
928 1963 1141 2026 Bohemicae
1159 1962 1315 2045 Cosmas,
1341 1964 1514 2026 ecclesiae
1530 1963 1723 2045 Pragensis
1748 1964 1917 2041 decanus,

189 2104 305 2165 factus
336 2114 407 2173 est:
443 2101 713 2164 commentarios
745 2122 827 2164 suos
857 2103 1063 2184 plerumque
1095 2122 1140 2164 ex
1169 2103 1354 2164 annalibus
1377 2101 1657 2184 Pragensibus³)
1688 2103 1825 2184 hausit,
1859 2102 1920 2184 qui

190 2242 333 2303 saeculo
357 2240 423 2301 XI.
449 2240 611 2321 dispositi
636 2242 681 2301 ab
705 2260 796 2302 anno
821 2259 880 2319 997
906 2241 951 2302 ad
975 2241 1143 2302 historiae
1166 2239 1271 2303 fidem
1296 2240 1487 2321 conscripti
1511 2250 1601 2303 sunt.
1637 2239 1741 2321 Quod
1766 2260 1920 2303 commo·

189 2388 291 2440 terat
307 2378 462 2458 Cosmas‚
487 2399 556 2440 non
581 2379 817 2441 intermissum
841 2389 895 2441 est
918 2379 1088 2460 multique
1112 2398 1227 2441 rerum
1244 2389 1423 2461 gestarum
1441 2378 1681 2460 explicatores
1697 2379 1920 2461 prodierunt,

191 2518 224 2578 in
250 2536 396 2597 quorum
420 2517 625 2578 societatem
649 2514 711 2578 filii
734 2538 760 2581 s.
786 2518 972 2581 Benedicti
1001 2538 1070 2580 non
1099 2518 1175 2580 sine
1201 2519 1306 2580 laude
1329 2528 1514 2580 venerunt.
1560 2517 1716 2599 Quorum
1745 2519 1780 2580 in
1810 2519 1922 2581 libros

191 2655 366 2718 referendi
389 2666 470 2718 sunt
494 2657 638 2717 annales
662 2654 916 2739 Gradicenses,
948 2657 1007 2738 qui
1035 2657 1216 2720 monachis
1243 2677 1269 2719 s.
1294 2656 1480 2718 Benedicti
1503 2658 1619 2720 locum
1644 2657 1813 2719 dantibus
1836 2655 1920 2720 filiis

191 2794 356 2856 Norberti
384 2793 589 2874 intermissi,
614 2814 635 2855 a
659 2796 829 2857 monacho
853 2794 1108 2876 Opatovicensi
1131 2814 1235 2876 porro
1258 2796 1401 2857 tractati
1425 2805 1505 2857 sunt
1520 2797 1554 2877 4).
1597 2795 1732 2857 Eodem
1758 2806 1922 2877 tempore

190 2932 382 2994 monachus
405 2932 548 3013 ignotus
572 2930 795 2995 Sazaviensis
819 2933 968 2996 Cosmae
991 2934 1089 2996 libris
1114 2935 1289 3015 quaedam
1317 2954 1362 2996 ex
1393 2934 1579 2996 annalibus
1602 2933 1922 2998 Hersfeldensibus

190 3079 235 3149 et,
259 3091 351 3152 quae
375 3070 470 3132 fama
493 3081 529 3133 et
552 3071 732 3134 auditione
755 3084 955 3153 acceperat,
979 3072 1115 3134 addidit
1132 3092 1263 3154 eosque
1280 3074 1325 3134 ad
1341 3092 1471 3134 annum
1492 3076 1569 3134 1162
1588 3081 1643 3134 est
1663 3082 1878 3153 prosecutus
1887 3074 1922 3155 5).

189 3210 313 3290 Neque
338 3210 452 3271 minus
480 3209 514 3270 in
543 3210 620 3272 aliis
648 3232 674 3274 3.
700 3211 885 3273 Benedicti
916 3211 1138 3275 monasteriis
1169 3211 1295 3273 litteris
1326 3212 1599 3292 mandabantur,
1632 3210 1662 3272 si
1694 3230 1786 3291 quae
1819 3222 1923 3274 erant

188 3348 329 3409 maioris
353 3349 521 3411 momenti
536 3349 570 3430 ⁶).

315 3627 335 3707 ¹)
359 3630 489 3685 Annales
514 3631 702 3686 Mellicenses
727 3629 901 3713 dividuntur
925 3632 954 3685 in
977 3632 1009 3702 o)
1032 3629 1163 3686 Annales
1189 3629 1378 3685 Mellicenses
1402 3628 1451 3707 (ab
1476 3648 1554 3685 anno
1582 3627 1753 3708 1—1123)‚
1784 3631 1819 3704 b)
1842 3632 1924 3689 Con-

188 3744 379 3797 tinuationem
411 3742 612 3798 Mellicensem
645 3739 895 3819 (1124-1564),
931 3742 959 3812 c)
987 3742 1160 3798 Auctarium
1192 3724 1364 3798 Mellicense
1395 3738 1619 3819 (508-1269).
1659 3742 1793 3799 Annales
1827 3747 1924 3821 ipsius

187 3857 357 3910 monasterii
375 3853 605 3910 Cremisanensis
630 3855 773 3928 incipiunt
796 3853 834 3909 ab
853 3872 930 3909 anno
952 3869 1032 3926 1139
1057 3867 1087 3909 ct
1103 3853 1274 3909 dividuntur
1290 3856 1318 3909 in
1335 3854 1367 3925 a)
1383 3854 1643 3910 Continuatiouem
1660 3855 1922 3914 Cremisanensem

186 3964 431 4042 (1139-1210),
457 3966 487 4038 d)
503 3966 675 4021 Auctarium
694 3965 917 4022 Cremifanense
934 3963 1157 4042 (249-1217).
1190 3965 1322 4021 Annales
1346 3964 1569 4022 Lambacenscs
1593 3968 1650 4042 ipsi
1676 3969 1857 4042 incipientes
1881 3968 1922 4026 ab

186 4096 263 4132 anno
285 4078 363 4133 1128
381 4078 551 4132 dividuntur
567 4081 595 4132 ln
615 4080 647 4145 a)
663 4078 835 4134 Auctarium
852 4077 1060 4135 Lambacense
1076 4076 1322 4155 (1128-1197),
1347 4078 1378 4150 b)
1394 4079 1655 4135 Continuationem
1674 4079 1920 4138 Lambacensem

186 4189 431 4267 (1197—1348).
465 4190 595 4246 Annales
620 4190 789 4256 Scotorum,
815 4210 892 4247 nunc
916 4192 1108 4247 Continuatio
1133 4191 1293 4248 Scotorum
1317 4193 1468 4258 nominati,
1498 4194 1642 4266 incipiunt
1665 4191 1704 4249 ab
1727 4211 1808 4250 anno
1837 4209 1918 4266 1225

186 4317 215 4356 rt
239 4304 406 4376 procedunt
429 4303 465 4357 ad
489 4322 595 4358 annum
626 4317 713 4373 1233.
754 4303 897 4359 Auctario
921 4305 1033 4360 Mariae
1060 4305 1199 4371 Cellensi,
1229 4304 1309 4379 quod
1332 4319 1468 4370 vocatur,
1497 4307 1686 4360 continentur
1710 4307 1780 4360 anni
1806 4305 1918 4379 978—

190 4430 224 4469 12
229 4429 279 4486 59.
304 4414 437 4469 Annales
453 4414 668 4471 Gottricenscs
692 4434 786 4471 annos
808 4414 1017 4487 1068—1230
1042 4418 1288 4492 complectuntur.
1315 4418 1496 4473 Garstenses
1512 4419 1541 4472 in
1556 4417 1730 4473 Auctarium
1748 4417 1920 4475 Garstense

185 4523 398 4604 (480-113q)
415 4542 444 4582 et
461 4528 721 4584 Continuationem
738 4530 933 4585 Garstensem
950 4527 1196 4607 (1182-1257),
1220 4530 1440 4585 Admontenses
1457 4532 1485 4585 in
1503 4530 1625 4586 annales
1642 4532 1726 4605 ipsos
1743 4527 1920 4610 (1-1139)

185 4653 214 4694 ct
238 4640 497 4695 (Iontinuationem
522 4640 755 4697 Admontensem
780 4637 1016 4720 (1182—1257)
1040 4642 1219 4699 dividuntur.
1251 4643 1339 4699 Plura
1362 4643 1430 4698 vide
1454 4642 1532 4717 apud
1554 4641 1755 4699 Wattenbach
1781 4644 1800 4701 1.
1826 4663 1852 4701 c.
1879 4645 1917 4701 11.

313 4750 334 4830 2)
359 4751 560 4809 Wattenbach
585 4754 602 4809 l.
629 4774 653 4810 c.
679 4754 714 4810 11.

312 4863 335 4943 3)
360 4865 445 4921 Edid.
471 4866 506 4921 R.
532 4868 641 4941 Kopke
665 4869 692 4922 in
715 4868 802 4923 Pertz
827 4868 844 4923 1.
871 4886 896 4923 c.
921 4865 977 4923 SS.
1002 4868 1053 4923 IX.

311 4976 333 5056 ⁴)
357 4978 443 5034 Edid.
461 4976 661 5035 Wattenbach
686 4982 715 5035 in
740 4981 825 5035 Pertz
852 4980 870 5036 1.
895 4998 920 5035 c.
946 4978 1001 5035 SS.
1026 4980 1121 5037 XVII.

311 5087 332 5166 5)
358 5090 443 5145 Edid.
468 5092 503 5146 R.
529 5092 648 5166 Kiipkc.

310 5196 333 5279 ί))
356 5201 556 5259 Wattenbach
581 5205 597 5259 1.
616 5225 641 5260 c.
666 5205 703 5260 11.
728 5204 902 5260 Radimillus
926 5205 974 5260 vel
998 5205 1204 5261 Rothomanus
1227 5204 1332 5272 abbas,
1357 5224 1445 5280 quem
1461 5203 1659 5279 Ziegelbauer
1682 5205 1700 5262 1.
1719 5225 1743 5262 c.
1761 5206 1814 5262 111.
1832 5219 1914 5264 teste

183 5312 307 5369 Balbino
334 5314 494 5386 „Origines
518 5316 747 5373 Klatovienses“
775 5335 853 5373 saec.
875 5317 941 5373 XII.
967 5319 1127 5392 scripsisse
1151 5317 1230 5384 dicit,
1263 5318 1321 5373 hoc
1344 5317 1413 5373 loco
1437 5318 1584 5372 numerari
1609 5336 1667 5374 non
1691 5331 1810 5393 potest,
1844 5339 1914 5378 cum

183 5426 312 5480 Klatorii
338 5421 440 5502 (Frind
464 5427 481 5481 1.
507 5446 531 5482 c.
556 5426 605 5505 11.)
629 5431 842 5484 monasterium
868 5429 981 5485 ordinis
1005 5449 1028 5485 s.
1047 5428 1198 5484 Benedicti
1224 5448 1373 5503 nunquam
1399 5429 1495 5485 suerit.
