4222 6106
907 444 1189 515 ‚274-

187 638 323 717 dicitur,
346 636 513 717 puerulus
529 633 643 697 adhuc
660 632 811 695 traditus
828 640 882 694 est
903 631 937 692 in
959 629 1011 692 di·

190 758 372 839 sciplinam
390 755 490 819 fratri
506 765 591 818 natu
606 755 739 835 maiori,
761 754 821 836 qui
836 764 920 835 tum,
942 752 1010 814 Be-

187 879 348 943 nedictus
365 878 513 959 nomine,
535 878 570 940 in
590 877 804 941 monasterio
820 877 866 938 ad
882 874 1010 939 Scotos

184 1002 344 1064 Viennae
362 1000 504 1083 ingenio
521 1009 557 1062 et
573 999 743 1062 industria
759 1000 932 1062 elucebat.
950 998 1010 1060 Ab

184 1143 227 1187 eo
243 1143 312 1185 non
333 1124 445 1186 solum
461 1121 607 1184 Latinas
625 1119 854 1202 Graecasque
873 1120 1010 1182 litteras

185 1256 325 1309 strenue
343 1246 501 1324 edoctus,
526 1243 705 1306 severiora
728 1241 835 1305 etiam
856 1241 1010 1324 philoso-

185 1367 290 1449 phiae
313 1375 507 1448 praecepta
530 1364 693 1447 percepit
717 1374 789 1427 tam
814 1363 910 1427 felici
931 1383 1010 1426 cum

185 1489 356 1569 prosectu,
373 1497 412 1550 ut
424 1497 554 1568 essent,
568 1487 627 1569 qui
640 1489 685 1549 ad
698 1487 877 1568 publicam
890 1486 1011 1567 dispu-

184 1611 352 1673 tationem
369 1611 670 1673 adolescentulum
687 1609 887 1681 incitarent;
906 1628 1011 1690 quam

184 1733 242 1796 ille
258 1752 328 1795 non
344 1734 447 1794 modo
464 1752 533 1794 non
546 1731 739 1812 abhorruit,
756 1733 831 1813 sed,
849 1749 919 1811 quo
935 1738 1012 1793 erat

97 1942 101 1948 Ι
184 1853 289 1915 01111111
305 1853 429 1936 vigore
453 1864 488 1915 et
508 1852 641 1936 ingenii
663 1853 857 1934 alacritate,
881 1871 1012 1935 magno

186 1995 263 2038 cum
287 1975 463 2057 applausu
486 1974 647 2038 instituit.
672 1975 746 2037 Iam
772 1994 842 2056 quo
867 1972 1012 2036 liberius

186 2097 290 2160 saluti
312 2117 397 2159 suae
419 2096 623 2179 prospicere
644 2105 680 2158 et
700 2097 747 2159 ad
767 2098 939 2159 bonarum
959 2114 1013 2156 ar·

186 2219 272 2281 tium
285 2219 440 2281 studium
452 2217 656 2280 incumbere
669 2227 802 2299 posset,
815 2226 1013 2299 praeterea,

188 2360 256 2423 quo
280 2341 411 2403 arctius
440 2359 519 2403 cum
542 2339 672 2402 dilecto
698 2339 807 2401 fratre
832 2338 954 2401 vivere
978 2347 1015 2399 et

188 2461 388 2524 conversari
404 2461 537 2542 liceret,
558 2462 593 2524 in
609 2462 767 2524 ordinem
784 2482 810 2523 s.
828 2459 1014 2524 Benedicti

188 2585 233 2646 ad
254 2581 382 2647 Scotos
404 2583 536 2664 suscipi
560 2584 676 2664 petiit,
700 2583 846 2665 votique
870 2600 1015 2664 compos

188 2706 311 2768 factus·
332 2705 388 2769 die
416 2711 466 2770 28.
484 2705 562 2770 Oct.
589 2710 668 2785 1778
694 2726 721 2769 s.
744 2715 845 2768 veste
871 2704 1014 2767 indutus

189 2837 252 2892 est.
277 2827 415 2890 Exacto
430 2827 652 2909 probationis
668 2846 771 2909 ann0,
792 2827 947 2890 studium
964 2826 1015 2888 di-

189 2951 416 3032 sciplinarum
434 2970 461 3013 s,
478 2950 690 3032 theologiae,
714 2969 806 3031 quae
830 2969 873 3012 ea
896 2958 1015 3012 aetate

190 3072 284 3135 domi
300 3074 533 3135 tradebantur
549 3072 686 3135 clericis
701 3070 945 3152 Scotensibus,
962 3091 1016 3134 ar-

188 3193 393 3256 dentissime
411 3194 606 3275 amplexus,
630 3195 724 3275 quod
740 3193 914 3275 reliquum
930 3204 1016 3256 tem-

189 3314 285 3396 poris
308 3317 471 3396 vacabat,
496 3314 532 3377 id
556 3334 657 3378 omne
682 3315 840 3378 classicis
862 3313 1017 3378 Graeco-

189 3456 264 3499 rum
292 3448 328 3499 et
351 3435 594 3499 Romanorum
618 3437 821 3500 auctoribus
847 3447 897 3518 et,
922 3438 1017 3518 quod

190 3569 263 3622 tum
280 3559 459 3642 singulare
476 3558 599 3639 visum,
617 3559 856 3621 addiscendae
873 3558 1017 3642 linguae

191 3680 504 3763 Franco-gallicae
532 3681 721 3744 tribuebat.
758 3681 814 3744 Ita
837 3681 948 3743 multa
976 3700 1018 3742 ac

190 3803 303 3865 solida
325 3804 485 3865 doctrina
508 3802 673 3884 imbutuS,
699 3822 777 3865 cum
801 3803 858 3864 die
877 3805 927 3866 25.
944 3801 1017 3864 Ian.

195 3930 272 4003 1783
292 3925 429 3987 emissis
442 3925 603 3987 sollemni
618 3925 687 3987 ritu
700 3925 794 3987 votis
808 3925 891 3986 divo
905 3924 1020 3986 Bene-

192 4047 287 4109 dicto
309 4048 343 4109 in
366 4066 504 4110 omnem
525 4048 633 4110 vitam
660 4067 739 4110 sese
764 4055 1019 4127 consecrasset,

193 4169 249 4230 die
263 4173 292 4230 5.
307 4167 384 4232 Oct.
400 4169 558 4232 eiusdem
571 4169 653 4231 anni
666 4179 852 4251 neomysta
864 4169 911 4231 ad
924 4188 1020 4231 aram

192 4290 300 4352 stetit.
320 4288 448 4353 Statim
461 4302 609 4372 propter
621 4310 785 4372 magnam
803 4288 954 4351 docendi
970 4288 1021 4351 fa-

193 4411 363 4474 cilitatem
394 4413 580 4474 catecheta
611 4413 647 4479 in
677 4412 798 4473 schola
830 4410 1022 4493 parochiae

193 4533 392 4596 claustralis
405 4534 628 4614 constitutus,
638 4536 704 4595 hoc
717 4533 752 4594 in
766 4551 909 4595 munere
922 4551 1023 4614 egre·

192 4656 287 4737 giam
316 4673 461 4736 operam
493 4674 557 4735 per
584 4654 792 4717 decennium
825 4652 1023 4732 collocavit,

193 4777 403 4839 commercio
425 4786 610 4858 praeterea
634 4776 804 4839 litterario
829 4787 908 4837 cum·
931 4775 1025 4837 illius

193 4900 273 4963 aevi
288 4899 536 4962 eruditissimis
548 4898 632 4962 viris
645 4897 863 4978 coniunctus,
878 4916 1025 4979 quorum

194 5024 338 5084 hortatu
364 5031 400 5084 et
421 5022 587 5103 exemplo
607 5021 704 5104 typis
724 5021 932 5102 impressam
953 5019 1026 5082 edi-

199 5143 248 5205 dit
265 5144 448 5206 historiam
462 5143 742 5207 ecclesiasticam
752 5144 1025 5206 Bonaventurae

196 5262 347 5345 Racine,
373 5285 477 5346 quam
499 5285 544 5327 ex
560 5264 728 5328 idiomate
744 5263 1026 5346 Franco-gallico

201 5382 235 5442 in
257 5381 504 5449 Germanicum
525 5388 715 5450 transtulit.
744 5388 850 5450 Anno
877 5391 955 5465 1703
981 5388 1026 5449 ad

1090 633 1306 713 suburbium,
1326 633 1386 714 qui
1405 630 1561 714 Campus
1577 629 1768 695 Scotorum
1784 629 1952 727 dicitur,

1091 765 1304 838 cooperator
1324 755 1453 818 missus
1476 756 1625 817 verbum
1647 753 1718 816 Dei
1742 751 1940 826 ferventes

1091 877 1322 960 praedicavit.
1355 864 1442 940 inde
1470 887 1659 940 revocatus
1687 875 1723 938 in
1747 893 1928 946 monaste

1089 999 1189 1080 rium,
1199 999 1342 1061 biennio
1355 1009 1437 1081 post
1449 998 1484 1061 in
1494 997 1666 1080 oppidum
1677 995 1925 1064 Gaunersdorf

1091 1122 1188 1184 abire
1205 1121 1332 1202 iussus,
1349 1141 1433 1184 mox
1446 1120 1637 1202 parochiae
1649 1118 1918 1201 praefectusest

1091 1243 1126 1306 in
1138 1243 1419 1306 Hoebersbrunn
1433 1243 1619 1324 (1801-5),
1638 1241 1721 1304 dein
1733 1241 1851 1306 vicinae
1867 1242 1916 1305 in

1090 1364 1332 1446 Martinsdorf,
1349 1384 1455 1447 quam
1469 1366 1552 1426 dum
1564 1362 1834 1444 administrabat,
1844 1365 1916 1426 do

1090 1506 1184 1549 mum
1211 1496 1247 1549 et
1273 1486 1343 1550 Dei
1374 1498 1410 1549 et
1437 1506 1538 1549 suam
1566 1494 1602 1549 et
1629 1485 1913 1568 parochianorum

1089 1618 1186 1671 tecta
1212 1608 1377 1691 vitasque
1404 1611 1450 1671 ab
1478 1607 1633 1672 hostium
1659 1606 1777 1671 furore
1807 1606 1913 1670 tuitus

1091 1741 1156 1794 est.
1190 1731 1296 1793 Anno
1328 1736 1406 1810 1807
1437 1750 1545 1812 quum
1574 1750 1602 1793 c.
1632 1750 1659 1794 1.
1687 1729 1912 1813 gymnasium,

1073 1932 1074 1935 Ἴ
1091 1851 1174 1916 011111
1193 1853 1380 1915 Musaeum
1401 1852 1534 1916 dictum
1551 1851 1645 1916 curis
1661 1849 1833 1915 Scotorum
1845 1851 1911 1913 de·

1093 1953 1297 2039 mandatum
1322 1985 1358 2038 et
1381 1973 1586 2064 praefectus
1611 1973 1682 2036 iam
1705 1972 1909 2055 designatus

1093 2097 1132 2159 P.
1161 2097 1328 2159 Andreas
1351 2096 1519 2177 Wenzel,
1547 2095 1689 2158 interim
1715 2095 1818 2156 abbas
1836 2111 1908 2154 mo

1094 2218 1239 2281 nasterii
1264 2219 1399 2281 electus
1423 2226 1533 2297 esset,
1553 2218 1650 2280 haud
1670 2215 1808 2279 dubium
1825 2226 1907 2291 erat,

1094 2341 1232 2404 cuinam
1253 2360 1380 2403 munus
1403 2339 1611 2403 deferretur.
1640 2339 1764 2420 Itaque
1787 2336 1907 2400 accitus

1095 2483 1114 2525 e
1130 2462 1284 2525 statione
1301 2461 1407 2524 rurali
1423 2461 1463 2525 P.
1477 2459 1686 2523 Meinradus
1702 2459 1838 2522 libenter
1849 2427 1924 2518 sus

1095 2584 1209 2666 scepit
1234 2582 1512 2665 praefecturam,
1542 2602 1649 2663 quam
1681 2581 1810 2644 nonnisi
1831 2593 1906 2641 cum

1094 2706 1170 2769 vita
1197 2704 1372 2786 deposuit.
1407 2703 1477 2766 Hic
1502 2723 1608 2785 quam
1631 2704 1742 2766 multa
1765 2712 1798 2766 et
1816 2716 1908 2784 prae

1096 2829 1191 2891 clara
1210 2827 1378 2910 gesserit,
1400 2826 1494 2888 mille
1516 2833 1631 2888 testes
1646 2825 1809 2905 existunt,
1826 2834 1909 2904 quos

1095 2969 1225 3032 pueros
1248 2949 1324 3012 sine
1350 2968 1429 3030 spe,
1453 2922 1529 3010 sine
1550 2947 1681 3029 opibus
1701 2967 1796 3009 suam
1813 2946 1842 3007 in
1853 2954 1910 3004 tu·

1095 3074 1203 3137 telam
1224 3071 1374 3153 recepit,
1396 3071 1643 3134 adolescentes
1663 3089 1702 3132 re
1721 3080 1757 3133 et
1779 3062 1912 3131 consilio

1096 3195 1196 3276 iuvit,
1212 3194 1309 3257 viros
1326 3194 1433 3257 etiam
1450 3204 1486 3256 et
1502 3193 1538 3255 in
1551 3193 1698 3274 publico
1710 3211 1840 3256 munere
1849 3202 1915 3272 pst

1097 3317 1184 3380 sitos
1201 3316 1361 3398 patronis
1375 3315 1648 3378 commendavit.
1672 3316 1771 3379 Idem
1786 3332 1851 3377 cum
1868 3303 1919 3368 ab

1097 3439 1231 3521 inclyta
1243 3437 1416 3501 facultate
1429 3437 1677 3519 philosophica
1690 3423 1922 3500 universitatis

1097 3559 1311 3622 Viennensis
1332 3561 1378 3621 ad
1399 3559 1555 3622 doctoris
1576 3560 1728 3642 gradum
1748 3558 1924 3641 permotus

1102 3686 1193 3762 1809,
1215 3683 1373 3744 decanus
1390 3680 1515 3744 iterum
1533 3682 1628 3763 (1817
1647 3689 1684 3744 et
1704 3683 1794 3761 1823)
1813 3678 1926 3741 lectu⁵

1098 3804 1234 3883 fuisset,
1263 3803 1298 3865 in
1325 3823 1455 3865 annum
1483 3804 1735 3866 scholasticum
1763 3786 1928 3866 1825-220

1099 3937 1216 3989 rector
1237 3924 1446 4009 magnificus
1467 3935 1618 4008 creatuS,
1643 3945 1765 3988 curam
1784 3927 1930 4008 gymna·

1100 4049 1230 4110 siorum
1244 4067 1307 4128 per
1320 4048 1507 4110 Austriam
1519 4046 1734 4127 inferiorem,
1747 4029 1933 4129 (7110011ιᾶΘ

1101 4173 1146 4232 ab
1163 4189 1256 4232 anno
1278 4174 1358 4231 1820
1380 4169 1412 4231 ei
1434 4188 1499 4232 ceu
1521 4189 1549 4233 c.
1566 4190 1592 4231 r.
1610 4167 1849 4232 vicedirectori
1862 4159 1936 4225 de-

1101 4293 1173 4354 lata
1195 4302 1281 4372 erat,
1307 4293 1397 4353 adeo
1420 4310 1490 4353 non
1513 4290 1663 4372 remisit,
1691 4302 1731 4353 ut
1756 4287 1939 4353 libroruss't

1103 4413 1232 4494 quibus
1242 4412 1406 4494 discipuli
1418 4422 1612 4495 uterentur,
1621 4423 1695 4477 turn
1705 4432 1814 4477 novas
1824 4403 1943 4494 plane

1104 4535 1289 4614 editiones,
1306 4543 1380 4596 tum
1393 4554 1524 4616 eorum,
1539 4535 1598 4617 qui
1611 4535 1681 4598 iam
1692 4536 1729 4598 in
1742 4554 1807 4598 usu
1822 4520 1947 4596 erasst’

1104 4656 1279 4719 editiones
1303 4656 1484 4720 indefesso
1506 4657 1624 4720 studio
1648 4669 1685 4720 et
1708 4659 1829 4720 labore
1850 4651 1953 4718 coss‘

1104 4779 1344 4842 summaverit.
1376 4779 1474 4860 Quas
1492 4779 1584 4842 inter
1601 4780 1770 4843 ardentes
1786 4772 1959 4857 occup²'

1105 4901 1221 4963 tiones
1239 4911 1311 4964 tam
1329 4901 1517 4983 gymnasio
1535 4902 1581 4963 ad
1598 4898 1738 4982 ScotOS,
1756 4920 1859 4983 quam
1878 4890 1959 4953 0⁸⁴

1107 5023 1192 5085 teris
1212 5043 1276 5105 per
1292 5033 1403 5086 totam
1421 5024 1640 5105 provinciam
1657 5024 1737 5087 sitis
1752 5012 1959 5106 invigilas*

1107 5165 1176 5207 non
1191 5146 1379 5209 desinebat
1396 5166 1536 5227 semper
1551 5166 1726 5228 praesens
1741 5110 1959 5209 tentami11³

1107 5270 1174 5329 bus
1191 5268 1334 5349 publice
1347 5267 1489 5331 habitis.
1514 5266 1572 5332 Ob
1583 5270 1673 5332 haec
1688 5269 1818 5351 merita
1832 5255 1959 5336 saef

1107 5388 1276 5451 laudatus
1293 5410 1313 5450 a
1329 5389 1502 5471 regimine
1519 5388 1688 5453 Austriae
1709 5390 1884 5454 inferioris
1944 5375 1959 5415 ⁴
