4252 6112
932 491 1213 560 „139-

201 672 248 734 ab
264 671 397 735 abbate
414 671 532 734 iussus
548 681 613 735 est.
638 670 710 736 Sed
726 663 788 736 vix
809 675 923 755 primo
939 691 1032 737 anno

204 793 418 857 scholastico
434 802 633 876 transact0,
647 795 737 857 hanc
758 795 954 859 litterarum
970 815 1034 877 pa-

202 915 371 977 laestram
396 924 575 977 annuente
598 915 730 977 abbate
757 936 836 979 cum
862 919 945 980 ludo
972 917 1034 980 tri-

201 1032 287 1100 viali
314 1036 554 1119 commutavit,
585 1036 781 1101 invincibili
808 1040 1034 1120 parvulorum

202 1178 322 1222 amore
352 1157 535 1241 impulsus.
574 1158 688 1241 Igitur
718 1134 910 1240 parochiae
940 1161 1033 1223 clau-

202 1283 302 1346 strali
325 1282 494 1363 adscitus,
522 1282 635 1371 curati
654 1280 810 1360 simulet
826 1282 1033 1346 catechetae

204 1423 331 1467 munus
355 1403 514 1484 suscepit
542 1408 638 1484 1812,
662 1404 758 1485 quod
782 1403 1032 1484 persensere

201 1526 315 1589 lustra
331 1545 436 1606 quarn
458 1524 615 1607 egregie,
638 1526 683 1586 ad
705 1525 856 1587 salutem
879 1534 932 1588 tot
958 1525 1033 1589 mil·

202 1648 286 1710 lium
298 1647 477 1710 hominum
491 1646 708 1729 sustinuerit,
719 1665 822 1708 nemo
832 1666 901 1709 non
914 1656 1033 1729 potest

203 1769 423 1852 intellegere,
441 1767 500 1849 qui
517 1770 629 1831 zelum
644 1768 748 1831 huius
763 1768 831 1832 viri
850 1769 885 1831 in
901 1769 1033 1831 anima·

200 1910 277 1954 rum
306 1911 390 1954 cura
413 1891 580 1954 collatum
603 1891 751 1954 noverit.
775 1891 920 1953 Viribus
943 1890 1034 1954 inter

200 2023 321 2077 tantos
330 2013 471 2076 labores
480 2011 798 2075 continuosfractis
807 2050 850 2059 -
860 2012 928 2076 fuit
940 2012 1033 2075 enim

201 2154 268 2217 per
283 2136 422 2217 aliquot
443 2155 554 2198 annos
574 2135 767 2199 instructor
789 2156 930 2218 quoque
954 2156 1033 2198 cae-

203 2275 323 2320 corum
345 2258 381 2321 in
402 2257 563 2319 instituto
580 2255 904 2338 Gumpendorfensi
924 2293 966 2303 —
987 2258 1033 2319 ad

202 2382 345 2443 beatam
358 2380 658 2442 immortalitatem
672 2377 926 2461 demigravito.
943 2378 1031 2459 Apr.

205 2506 296 2580 1841.
321 2501 554 2581 Conscripsit:

289 2628 311 2684 1.
332 2627 727 2684 Christenlehr·Unterricht
747 2644 816 2683 vom
837 2623 1032 2683 Sacramente

201 2731 255 2788 der
281 2734 386 2788 Busse.
415 2728 444 2802 (i.
465 2750 492 2787 e.
517 2731 563 2787 De
588 2744 779 2787 sacramento
806 2728 1032 2810 poenitentiae.)

205 2853 217 2893 1
237 2838 297 2893 vol.
315 2843 356 2910 4⁰.
374 2837 499 2911 Mscrpt.
513 2850 552 2908 32
567 2854 607 2911 p.,
625 2834 745 2892 adscrv.
759 2837 787 2890 in
799 2833 936 2892 biblioth.
946 2833 1031 2892 Scot.

199 2956 240 3015 53
270 2955 818 3101 g113Christenlehr-lJnterrichtvom
831 3042 962 3118 heiligen
974 3041 1030 3100 Sa-

200 3163 335 3208 cramcnt
351 3149 405 3205 des
421 3148 532 3206 Altars.
554 3145 583 3226 (i.
602 3167 628 3205 e.
647 3149 698 3203 De
719 3167 744 3204 S.
761 3148 961 3205 eucharistiae
981 3166 1030 3205 sa·

200 3237 376 3332 eramento.)
393 3255 432 3311 Ut
448 3272 549 3328 supra.

286 3360 338 3415 ΙΙΙ.
358 3359 443 3416 Eine
470 3359 562 3414 kurze
586 3356 885 3432 Lebensgeschichte
908 3359 1029 3427 Christi,

197 3465 312 3521 Mariae
328 3463 387 3520 und
404 3463 458 3519 der
470 3462 607 3539 Apostel.
625 3458 654 3539 (i.
669 3481 695 3518 e.
708 3463 814 3519 Brevis
826 3465 906 3520 vitae
918 3462 1028 3520 Christi

197 3569 312 3624 Mariae
339 3580 369 3623 et
396 3566 605 3644 apostolorum
633 3565 819 3645 descriptio.)
851 3582 862 3622 1
894 3567 954 3624 vol.
985 3566 1028 3624 8⁰.

196 3673 324 3748 Mscrpt.
342 3674 371 3727 in
388 3669 525 3726 biblioth.
543 3669 628 3726 Scot.
645 3669 764 3726 adserv.
782 3684 832 3743 53.
849 3690 879 3745 g.
902 3685 947 3727 10.

284 3777 334 3833 IV.
359 3775 608 3851 Philosophische
624 3776 835 3849 Vorlesungen
856 3775 931 3831 nach
952 3776 1027 3832 Pro-

196 3881 296 3938 fessor
313 3882 425 3956 Karpe.
447 3875 476 3956 (i.
494 3898 520 3935 e.
538 3879 761 3935 Praelectiones
777 3878 1027 3959 philosophicae.)

201 4001 212 4043 1
236 3986 297 4042 vol.
318 3984 360 4042 8⁰.
385 3983 446 4057 248
469 3983 520 4041 sol.
544 3984 670 4059 Mscrpt.
695 3983 813 4040 adserv.
838 3986 866 4040 in
889 3982 1027 4042 biblioth.

195 4089 280 4149 Scor.
298 4104 349 4162 53.
366 4109 397 4165 g.
419 4088 465 4145 16.

283 4200 390 4278 thz
417 4211 657 4273 Edmundus
685 4211 891 4293 Iosephus
922 4210 1027 4293 (Sco-

193 4330 356 4412 tensis),
389 4339 494 4392 natus
526 4340 599 4392 est*
612 4330 647 4391 in
679 4330 862 4393 Moraviae
893 4331 1027 4413 oppido

195 4452 291 4516 dicto
312 4451 510 4535 Sternberg
531 4453 588 4514 die
612 4456 658 4514 18.
677 4452 781 4516 Mart.
807 4472 902 4534 1792,
926 4472 1027 4537 gym-

195 4575 284 4637 nasii
302 4576 420 4638 studia
438 4574 613 4640 Olomucii
631 4575 781 4638 colebat.
802 4573 906 4637 Unde
919 4574 1027 4638 Vien-

194 4716 276 4759 nam
298 4697 491 4778 profectus,
516 4718 595 4760 curn
620 4697 751 4759 ibidem
774 4697 912 4778 litteris,
937 4717 1026 4778 quas

192 4828 327 4882 vocant
336 4820 713 4902 philosophicaS,haud
723 4819 855 4901 exigua
864 4839 943 4882 cum
952 4822 1026 4883 lau·

194 4942 239 5002 de
255 4950 432 5021 vacasset,
449 4961 476 5004 s.
489 4942 529 5004 P.
543 4941 730 5004 Benedicti
748 4951 865 5004 castra
881 4952 1024 5004 secutus

193 5073 230 5125 et
253 5061 310 5124 die
333 5067 362 5125 5.
380 5061 459 5126 Oct.
481 5068 556 5125 1811
586 5064 688 5127 sacra
712 5063 845 5127 ordinis
865 5072 966 5125 veste
989 5063 1025 5124 in

146 5271 151 5280 Ι
193 5182 409 5247 monasterio
436 5185 477 5246 B.
505 5185 554 5249 M.
578 5185 622 5249 V.
644 5186 689 5248 ad
710 5184 838 5250 Scotos
862 5184 1023 5247 Viennae

192 5305 338 5368 indutus
362 5315 426 5369 est.
456 5306 634 5388 Egressus
657 5327 742 5369 vero
767 5327 811 5369 ex
835 5308 902 5369 hoc
926 5325 1024 5369 asce-

191 5427 284 5491 terio
308 5428 366 5489 die
388 5432 439 5491 30.
455 5427 559 5490 Mart.
582 5403 662 5507 1814
687 5429 721 5490 in
745 5429 929 5492 canoniam
949 5427 1023 5490 Du·

1113 676 1408 756 cumburgensem
1435 674 1593 737 adscitus
1621 684 1675 736 est
1705 675 1761 737 die
1787 680 1837 739 28.
1861 672 1940 738 Oet.

1113 796 1272 860 eiusdem
1281 797 1373 860 anni.
1383 796 1583 860 Invincibili
1592 793 1941 860 autemScotensium

1113 936 1232 980 amore
1256 919 1383 981 ductus
1406 936 1571 980 reversus
1596 918 1653 980 die
1677 921 1706 982 8.
1723 916 1824 999 Sept.
1849 923 1940 1000 1815,

1114 1039 1171 1101 die
1192 1049 1365 1120 sequente
1385 1038 1545 1101 habitum
1564 1038 1768 1121 religiosum
1792 1040 1870 1123 ipse
1890 1040 1941 1102 in·

1114 1161 1190 1223 duit
1217 1161 1415 1225 astantibus
1442 1159 1582 1223 nonnisi
1611 1162 1749 1223 duobus
1771 1161 1941 1225 fratribus

1113 1292 1150 1345 et
1166 1282 1223 1345 die
1243 1287 1290 1347 15.
1303 1281 1403 1365 Sept.
1424 1287 1504 1345 1816
1521 1302 1585 1364 per
1602 1283 1785 1347 sollemnia
1801 1295 1885 1347 vota
1901 1304 1940 1347 se

1113 1414 1227 1469 totum
1243 1405 1372 1468 obtulit
1386 1404 1476 1485 Deo,
1502 1414 1539 1467 et
1563 1405 1642 1485 ipso
1664 1405 1721 1467 die
1742 1405 1940 1469 nativitatis

1113 1525 1244 1590 domini
1264 1536 1450 1609 neomysta
1471 1526 1620 1608 primum
1644 1527 1689 1588 ad
1713 1548 1810 1590 aram
1830 1529 1940 1592 stetit.

1112 1648 1187 1711 Iam
1214 1647 1296 1711 inde
1320 1650 1367 1710 ab
1391 1666 1432 1709 eo
1456 1658 1616 1729 tempore
1639 1648 1739 1711 varia
1761 1648 1797 1712 in
1820 1669 1940 1712 mona-

1113 1769 1221 1831 sterio
1238 1789 1382 1833 munera
1398 1769 1557 1851 suscepit
1573 1789 1687 1851 eaque
1700 1779 1844 1833 strenuo
1861 1791 1940 1853 per-

1113 1890 1197 1973 egit.
1232 1890 1454 1954 Novitiorum
1486 1901 1522 1954 et
1552 1891 1789 1954 bibliothecae
1820 1912 1940 1956 curam

1111 2013 1250 2095 habuit,
1282 2014 1529 2076 numothecam
1560 2013 1735 2094 disposuit
1766 2023 1802 2077 et
1832 2014 1939 2078 sacri-

1112 2134 1231 2216 stiam,
1263 2154 1369 2216 quam
1400 2146 1544 2217 vocant,
1575 2137 1798 2217 gubernavit.
1834 2136 1939 2200 Anno

1111 2275 1197 2319 vero
1218 2260 1297 2319 1818
1319 2275 1449 2339 pueros
1472 2258 1508 2320 in
1528 2258 1716 2340 gymnasio
1741 2259 1787 2320 ad
1810 2257 1939 2323 Scotos

1112 2378 1250 2441 litteras
1279 2379 1532 2461 grammaticae
1564 2379 1692 2442 docere
1726 2379 1845 2443 iussus
1874 2400 1939 2461 per

1112 2499 1299 2563 duodecim
1330 2519 1442 2563 annos
1478 2500 1662 2583 egregium
1689 2520 1729 2564 se
1759 2502 1939 2582 praestitit

1111 2622 1328 2704 magistrum.
1353 2621 1515 2685 iniuncto
1538 2622 1607 2703 ipsi
1632 2627 1712 2685 1826
1736 2625 1784 2686 ad
1803 2624 1939 2706 reliqua

1111 2742 1228 2806 officia
1240 2743 1434 2824 subprioris
1447 2763 1602 2824 munere,
1614 2746 1758 2850 tandem
1772 2743 1938 2808 Calendis

1103 2865 1217 2934 ¹Maiis
1230 2869 1454 2928 1830summo
1466 2865 1612 2928 fratrum
1625 2866 1751 2947 plausu
1760 2867 1856 2947 prior
1867 2887 1939 2931 mo-

1110 2987 1257 3050 nasterii
1278 2987 1486 3069 designatus
1508 2998 1572 3048 est.
1596 2987 1636 3049 In
1662 2988 1728 3050 hoc
1752 2989 1937 3072 dignitatis

1110 3109 1224 3191 gradu
1241 3108 1445 3190 collocatuS,
1463 3110 1604 3190 qualem
1620 3130 1647 3172 s.
1664 3109 1703 3174 P.
1720 3111 1937 3175 Benedictus

1110 3229 1353 3311 praepositum
1384 3230 1590 3293 monasterii
1617 3232 1801 3317 describit,
1828 3235 1936 3297 talem

1110 3371 1149 3414 se
1165 3352 1326 3414 exhibuit
1343 3362 1389 3433 et,
1407 3363 1575 3433 quantum
1589 3355 1771 3433 praelatus
1787 3366 1864 3418 erat
1880 3376 1936 3419 ce-

1109 3472 1204 3554 teris,
1232 3483 1331 3536 tanto
1355 3473 1526 3536 sollicitus
1550 3476 1767 3538 observabat
1789 3476 1935 3558 regulae

1108 3605 1311 3676 praecepta.
1320 3595 1426 3658 Anno
1441 3600 1518 3673 1845
1529 3596 1935 3678 archiepiscopusVien·

1107 3715 1227 3778 nensis
1244 3715 1479 3797 inspectorem
1500 3736 1579 3778 eum
1596 3717 1779 3781 constituit
1797 3719 1935 3782 distric-

1107 3847 1164 3901 tus
1185 3839 1368 3900 cuiusdam
1389 3838 1586 3900 scholarum
1606 3839 1796 3902 trivialium
1817 3839 1935 3904 simul·

1107 3981 1176 4042 que
1186 3959 1386 4024 consistorii
1398 3959 1633 4022 consiliarium
1647 3980 1726 4023 esse
1738 3960 1850 4024 iussit.
1867 3963 1935 4025 Pa·

1106 4080 1205 4144 roehi
1226 4102 1367 4164 quoque
1387 4081 1421 4144 in
1442 4083 1657 4146 monasterio
1681 4105 1807 4147 munus
1827 4085 1935 4148 subiit

1111 4208 1201 4283 1847.
1226 4204 1331 4267 Anno
1348 4205 1510 4287 sequenti
1527 4216 1716 4288 cooptatus
1731 4207 1766 4269 in
1779 4209 1935 4288 amplum

1107 4328 1296 4411 collegium
1305 4339 1507 4391 senatorum
1517 4329 1673 4392 civitatis
1681 4329 1935 4393 Vindobonen·

1074 4474 1080 4482 ·
1107 4450 1156 4513 sis
1183 4470 1400 4534 magnopere
1426 4453 1470 4513 de
1497 4452 1612 4515 salute
1641 4453 1770 4515 civium
1797 4453 1934 4517 meruit.

1106 4572 1238 4634 Missus
1250 4583 1315 4653 est,
1325 4583 1364 4635 ut
1377 4583 1496 4635 cetera
1509 4573 1649 4636 silentio
1658 4581 1933 4655 praetereamus

1106 4694 1175 4757 iam
1196 4700 1275 4773 1848
1293 4716 1371 4757 curn
1392 4696 1531 4757 duobus
1555 4695 1702 4777 collegis
1723 4694 1934 4757 Francofur·

1104 4826 1178 4879 tum
1195 4818 1241 4878 ad
1256 4816 1422 4879 Moenum
1439 4819 1485 4878 ad
1502 4816 1680 4898 loannem,
1693 4817 1862 4879 Austriae
1879 4836 1933 4877 ar-

1105 4940 1300 5019 chiducem,
1317 4939 1376 5020 qui
1393 4949 1466 5001 tum
1483 4959 1539 5000 res
1557 4936 1788 5002 Germanicas
1804 4939 1933 5020 guber-

1104 5062 1223 5143 nabat,
1241 5079 1391 5142 quocum
1407 5080 1465 5122 res
1477 5035 1711 5142 gravissimae
1723 5059 1932 5122 tractandae

1104 5192 1214 5247 erant.
1236 5184 1281 5245 Et
1297 5183 1458 5264 quamvis
1474 5183 1599 5244 eodem
1616 5200 1708 5244 anno
1720 5181 1932 5244 tumultuum

1103 5314 1225 5367 aestus
1233 5303 1468 5366 Vindobonae
1480 5323 1596 5366 rerum
1609 5303 1800 5366 civicarum
1812 5324 1932 5367 curam

1104 5426 1339 5507 periculosam
1363 5427 1563 5505 redderent,
1584 5437 1702 5487 tamen
1726 5445 1853 5489 munus
1876 5446 1932 5490 su-

1673 5528 1722 5576 18*
