4222 6106
647 468 927 539 ..125-

71 669 251 731 ssessores,
273 650 425 713 ademtis
445 650 602 732 ipsorum
618 652 753 715 iuribus

71 794 84 838 e
103 774 297 837 imminutis
318 775 502 855 reditibuS,
527 776 572 837 ad
596 775 753 858 inopiam

72 896 217 979 egisset,
235 917 256 958 a
268 896 417 978 singulis
431 897 506 959 fere
519 898 679 961 ordinum
692 919 753 962 an-

78 1018 250 1081 Austriae
271 1019 438 1081 membris
454 1028 611 1101 rogatus,
630 1031 668 1084 ut
684 1021 753 1083 sibi

71 1148 163 1203 esset
175 1151 211 1204 et
223 1142 340 1204 denuo
356 1143 401 1203 ad
419 1144 535 1204 aulam
549 1162 753 1205 caesaream

72 1280 96 1351 t,
110 1272 258 1353 cognita
269 1272 320 1333 rei
334 1271 543 1336 difficultate
556 1292 674 1355 aegre,
688 1293 753 1354 pro

71 1412 121 1456 en
137 1392 322 1477 religionis
338 1403 374 1457 et
385 1394 525 1476 patriae
542 1415 660 1457 amore
676 1404 753 1458 tan-

71 1515 197 1578 rsensit
207 1526 243 1578 et
252 1516 429 1578 Viennam
437 1517 525 1580 abiit
538 1519 650 1579 abbas
659 1516 753 1578 Mar-

71 1637 205 1700 dultum
234 1638 375 1719 quidem
404 1640 506 1701 aulae
534 1647 570 1701 et
598 1637 753 1701 civitatis

71 1768 101 1822 at
115 1779 186 1822 non
209 1761 246 1822 in
267 1761 390 1823 melius
413 1761 633 1824 immutatam
656 1761 753 1823 inve·

85 1891 207 1946 tamen
222 1883 413 1946 frustranei
434 1894 534 1947 erant
555 1884 630 1946 eius
654 1884 753 1946 labo·

71 2024 93 2066 n
117 2024 286 2086 proceres
310 2015 346 2069 et
368 2006 553 2086 praesides
577 2005 752 2068 variorum

72 2146 123 2210 m,
159 2129 205 2190 ab
242 2127 320 2209 ipso
357 2140 392 2190 et
423 2129 589 2209 praeside
621 2128 753 2191 ordinis

71 2248 96 2311 is
111 2247 150 2313 L.
164 2249 205 2311 B.
222 2250 268 2312 de
281 2250 406 2312 Baden
422 2270 544 2312 verum
561 2270 676 2312 rerum
693 2271 753 2312 an·

74 2369 244 2433 Austriae
261 2381 392 2433 statum
409 2371 536 2453 edocti,
554 2373 599 2433 ad
615 2371 754 2433 mitiora

79 2494 662 2574 commoverentimperatorem;et
671 2503 754 2574 post

71 2634 231 2677 ·menses
248 2615 410 2677 Viennae
427 2625 575 2678 exactos
594 2615 753 2677 libentis-

71 2789 74 2798 .
89 2755 172 2799 suos
188 2737 304 2801 rediit.
322 2736 492 2817 Quintum
509 2737 576 2799 iter
591 2736 676 2799 fecit
693 2757 753 2798 an-

71 2879 88 2922 >.
111 2858 311 2940 Imperator
333 2858 537 2939 Leopoldus
556 2858 611 2938 IL,
633 2858 753 2920 verbis

71 2999 100 3042 re
128 2979 349 3063 significans,
382 3001 421 3042 se
453 2982 564 3043 multa
594 3002 615 3042 a
642 2980 752 3042 fratre

71 3122 96 3165 o
110 3103 264 3184 Iosepho
284 3103 328 3165 II.
345 3112 449 3184 gesta
465 3102 607 3164 minime
624 3122 752 3185 appro-

73 3225 233 3288 subditis⁴
246 3225 314 3288 sibi
330 3226 449 3287 delata
467 3225 675 3307 gravamina
692 3226 753 3286 be-

71 3347 224 3427 udiebat,
243 3356 279 3409 et
295 3348 458 3408 omnibus
473 3347 635 3409 levamen
651 3347 753 3428 polli-

71 3489 81 3532 ’.
104 3468 184 3549 Quo
199 3467 344 3549 factum,
361 3480 409 3550 ut,
432 3489 511 3531 cum
527 3469 601 3531 fere
619 3489 665 3530 ex
681 3489 753 3531 om-

71 3590 238 3653 rovinciis
252 3591 413 3671 deputati
429 3591 679 3653 Vindobonam
693 3593 753 3654 de-

71 3721 102 3794 t,
127 3712 315 3775 anterioris
339 3733 479 3794 quoque
503 3713 672 3776 Austriae
700 3733 753 3775 or-

71 3855 91 3895 n
106 3834 229 3914 primis
247 3835 510 3897 ecclesiasticus
531 3856 632 3898 suum
653 3855 754 3916 prae-

79 3956 277 4038 principem
304 3956 495 4019 Martinum
526 3958 756 4019 vehementer

71 4087 96 4140 rt
110 4079 157 4142 ad
172 4075 242 4141 iter
257 4099 322 4160 pro
339 4080 454 4141 salute
470 4080 608 4159 patriae
624 4079 755 4140 facien-

71 4201 129 4262 tod
146 4210 181 4262 et
198 4220 335 4262 summa
351 4221 429 4263 cum
441 4201 571 4263 fiducia
580 4202 756 4263 Viennam

71 4328 90 4384 ;t
104 4342 230 4386 revera
247 4325 293 4384 ab
310 4322 523 4404 imperatore
541 4324 755 4406 impetravit,

71 4443 101 4506 ia
120 4443 311 4527 privilegia
328 4445 434 4507 etiam
455 4445 514 4508 illa
535 4448 581 4507 ab
602 4458 756 4528 augusta
793 4462 797 4481 ·

71 4567 158 4630 resia
171 4586 296 4629 recens
309 4588 489 4650 concessa,
502 4589 528 4631 s.
539 4569 660 4632 Blasio
674 4590 755 4631 con-

71 4697 89 4752 t.
113 4689 155 4752 In
179 4708 281 4752 suum
303 4690 419 4752 locum
439 4690 601 4753 Viennae
625 4691 754 4754 substi-

70 4830 107 4874 es
119 4820 304 4895 gerentem
317 4813 357 4874 P.
371 4812 574 4893 Mauritium
587 4813 753 4895 Ribbele,

71 4953 126 4996 era
145 4934 352 4996 monasterii
372 4935 517 5016 negotia
538 4944 574 4998 et
594 4935 754 4998 ordinum

71 5054 111 5118 ris
121 5055 291 5119 Austriae
303 5056 513 5138 praesertim
522 5057 755 5121 ecclesiastici

832 663 939 736 tasse,
967 665 1002 718 et
1026 655 1212 720 aerarios.
1237 656 1348 718 Blasii
1376 658 1542 721 damnum
1566 659 1662 721 haud

833 775 1002 858 exiguum
1022 776 1162 859 fecisse,
1185 778 1269 841 licet
1290 778 1458 860 princeps
1481 800 1663 861 nunquam

832 918 902 960 non
926 918 1060 961 memor
1082 899 1269 981 religiosae
1294 902 1516 982 paupertatis
1540 922 1663 983 super-

832 1018 903 1081 flua
923 1039 1084 1101 expensa
1100 1021 1259 1084 studiose
1276 1023 1428 1087 evitarit.
1448 1025 1528 1087 Non
1548 1026 1662 1087 minus

832 1142 953 1224 liquet,
981 1145 1150 1205 abbatem
1177 1144 1313 1206 muneri
1339 1146 1504 1227 perpetui
1531 1146 1663 1209 ordinis

833 1265 1067 1328 ecelesiastici
1090 1265 1277 1328 anterioris
1299 1266 1468 1329 Austriae
1488 1268 1663 1348 praesidis

833 1389 974 1450 abunde
1008 1387 1139 1451 fecisse
1170 1390 1274 1462 satis;
1311 1410 1433 1452 verum
1468 1390 1663 1473 gratiarum

833 1509 983 1572 actionis
999 1511 1089 1592 loce,
1106 1513 1152 1572 ab
1170 1510 1212 1573 iis
1228 1511 1326 1593 ipsis,
1344 1532 1492 1593 quorum
1510 1532 1662 1575 commo·

833 1631 888 1694 dis
900 1631 1094 1715 diligentur
1105 1633 1311 1725 serviverat,
1320 1633 1471 1715 invidiis,
1483 1634 1661 1716 conviciis,

832 1754 937 1815 immo
947 1754 1130 1816 calumniis
1144 1755 1327 1836 impetitus
1341 1764 1377 1818 et
1391 1757 1583 1820 honoratus
1597 1768 1661 1819 est.

920 1877 1052 1940 Verum
1061 1897 1127 1939 nec
1136 1877 1311 1941 recensita
1324 1878 1460 1960 itinera,
1477 1899 1543 1942 nec
1556 1898 1663 1942 curae

834 2007 870 2061 et
885 1998 1151 2082 sollicitudines,
1169 2021 1258 2083 quas
1274 2000 1344 2081 ipsi
1360 2000 1594 2083 congregatio
1610 2020 1663 2063 re-

832 2119 1038 2203 ligiosorum
1054 2122 1122 2184 sibi
1139 2123 1336 2205 commissa,
1358 2123 1491 2185 subditi
1513 2133 1549 2186 et
1564 2134 1663 2187 ante·

833 2241 934 2304 rioris
946 2242 1114 2306 Austriae
1131 2244 1272 2306 ordines
1291 2245 1523 2308 ecclesiastici
1539 2244 1663 2308 affere-

832 2366 929 2446 bant,
946 2384 1011 2426 nec
1029 2366 1225 2446 quotidiani
1241 2366 1349 2429 officii
1364 2368 1505 2430 labores
1522 2368 1664 2450 aliaque

833 2487 978 2570 negotia
1002 2509 1106 2569 quam
1127 2489 1277 2569 plurima
1300 2490 1468 2552 abbatem
1489 2511 1510 2552 a
1531 2490 1664 2553 teneris

832 2609 1030 2672 litterarum
1039 2620 1215 2672 amantem
1226 2611 1569 2695 detinerepoterant,
1580 2612 1664 2694 quin

833 2732 941 2795 etiam
957 2753 1049 2795 nunc
1066 2733 1224 2795 adsuetis
1245 2733 1373 2796 studiis
1393 2733 1468 2796 sere
1490 2744 1586 2797 totus
1601 2756 1663 2798 va·

834 2847 947 2937 caret,
963 2856 1136 2937 pluraque
1152 2876 1263 2936 opera
1283 2855 1317 2917 in
1338 2857 1453 2919 lucem
1475 2857 1663 2939 emitteret,

833 2998 963 3040 annum
972 2977 1173 3058 perdidisse
1184 2978 1401 3060 existimans,
1412 2999 1481 3060 quo
1494 2999 1564 3041 non
1576 2998 1663 3062 opu-

833 3101 967 3163 sculum
984 3100 1137 3181 aliquod,
1153 3100 1211 3162 vel
1228 3100 1346 3181 operis
1362 3100 1503 3162 maioris
1525 3109 1662 3181 partem

833 3222 1052 3285 elaboratam
1083 3223 1182 3304 prelo
1218 3222 1461 3286 commisisset.
1499 3222 1540 3287 P.
1568 3223 1663 3285 Mar·

833 3346 989 3426 quardus
1016 3345 1190 3427 Herrgott
1218 3354 1254 3407 et
1279 3345 1320 3408 P.
1343 3345 1530 3409 Rustenus
1555 3346 1662 3427 Heer,

832 3467 1575 3532 ultimammonumentorumAustriacorum
1583 3488 1663 3549 par·

834 3600 916 3669 tem,
936 3589 1233 3671 taphographiam
1258 3589 1392 3670 quippe
1419 3588 1662 3670 imperfectam

833 3711 1064 3792 reliquerant;
1086 3730 1236 3792 cumque
1252 3711 1344 3773 inter
1360 3730 1443 3772 suos
1459 3712 1572 3773 abbas
1588 3721 1662 3774 tum

835 3834 1009 3895 neminem
1039 3834 1203 3914 haberet,
1235 3833 1291 3895 cui
1320 3834 1411 3895 hanc
1443 3833 1662 3914 provinciam

835 3965 912 4019 tuto
936 3955 1185 4037 committeret,
1215 3955 1291 4036 ipse
1315 3954 1415 4036 operi
1438 3976 1580 4018 manum
1602 3957 1664 4018 ad-

835 4077 956 4159 movit,
974 4089 1010 4140 et
1032 4077 1230 4158 perfectum
1253 4077 1288 4139 in
1311 4077 1426 4158 primo
1450 4098 1514 4140 suo
1538 4078 1663 4140 itinere

836 4199 1104 4263 Vindobonensi
1133 4200 1349 4282 imperatrici
1372 4199 1508 4263 Mariae
1534 4200 1665 4262 There·

835 4322 910 4384 siae
930 4321 1072 4403 obtulit,
1095 4324 1140 4384 ab
1162 4322 1222 4384 illa
1243 4322 1516 4385 clementissime
1537 4341 1664 4403 accep·

835 4454 957 4526 tatum,
971 4453 1010 4506 ut
1018 4464 1109 4525 quae
1119 4464 1206 4527 erga
1214 4444 1365 4507 maiores
1379 4465 1462 4508 suos
1475 4443 1664 4508 tenerrime

835 4567 986 4648 adfecta,
995 4567 1147 4630 honores
1160 4567 1237 4629 istis
1249 4568 1399 4651 habitos,
1414 4588 1455 4630 ac
1468 4569 1537 4630 sibi
1548 4568 1663 4630 factos

834 4692 1014 4753 censebat.
1039 4689 1205 4752 Codicem
1229 4691 1311 4753 dein
1335 4690 1566 4771 epistularum
1586 4690 1662 4751 Ru-

835 4813 956 4893 dolphi
971 4814 996 4876 I.
1014 4813 1266 4895 Habsburgici,
1283 4816 1329 4875 ab
1345 4814 1423 4876 aliis
1440 4814 1509 4877 iam
1525 4815 1661 4896 pridem

835 4935 984 5016 editum,
1021 4937 1085 4996 sed
1120 4935 1239 4998 multis
1268 4936 1537 5000 adcessionibus
1568 4957 1661 5001 nunc

835 5065 986 5139 auctum,
1000 5065 1035 5119 et
1044 5057 1167 5120 ordine
1177 5059 1426 5142 chronologico
1440 5058 1661 5143 dispositum,

71 5197 183 5261 ‚quae
200 5189 238 5241 et
252 5177 364 5241 multa
381 5178 553 5241 industria
574 5190 609 5243 et
631 5181 755 5243 dexte·
792 5152 795 5287 J
834 5179 998 5260 notisque
1026 5180 1157 5244 criticis
1186 5192 1409 5263 exornatum,
1440 5183 1594 5265 Iosepho
1617 5183 1661 5248 II.

71 5299 217 5363 >erfecit
249 5299 414 5363 Ceterum
443 5301 548 5363 facile
580 5312 635 5364 est
666 5301 754 5364 iudi·
792 5292 794 5381 l
834 5301 1038 5383 imperatori
1059 5303 1238 5385 inscripsit
1259 5304 1363 5386 eique
1380 5304 1588 5368 insecundo
1608 5305 1664 5368 iti-

71 5429 95 5483 rt
116 5421 246 5484 itinera
268 5442 417 5504 magnos
438 5433 600 5504 sumptus
625 5423 753 5504 impor·
791 5386 794 5508 i

834 5442 919 5486 nere
935 5423 1203 5489 Vindobonensi
1220 5428 1265 5489 ad
1281 5446 1421 5489 manum
1438 5429 1576 5512 obtulit,
1593 5448 1664 5495 non
