4252 6112
944 461 1192 530 „30-

195 649 230 712 in
249 649 392 711 adnexu
412 646 558 727 hospitii
582 647 770 709 ecclesiam
795 656 851 709 sat
872 647 1026 727 amplam
1105 649 1173 710 hoc
1200 644 1374 709 beneficio
1402 645 1666 710 misericordiae
1694 646 1772 710 eius
1804 648 1938 711 obtulit

193 772 228 834 in
258 773 427 834 honorem
457 768 498 831 B.
529 768 577 830 M.
605 768 649 830 V.
678 768 873 850 gratiarum
904 767 1026 830 matris
1107 767 1329 849 Quamquam
1358 768 1614 832 illustrissimus
1639 769 1805 832 dominus
1827 771 1938 833 abbas

193 913 215 956 a
241 891 482 955 fundamentis
509 888 776 953 aedificandam.
810 889 897 953 Cum
925 891 1028 953 brevi
1106 889 1161 951 his
1185 900 1221 952 et
1241 890 1319 952 aliis
1341 890 1632 973 congregationis
1653 911 1740 954 suae
1766 892 1938 974 gravibus

193 1026 354 1096 tempore
370 1012 500 1095 partim
513 1012 713 1093 sumptibus
727 1011 1026 1095 congregationis,
1108 1010 1278 1093 negotiis,
1309 1012 1463 1075 maxime
1494 1013 1529 1075 in
1562 1014 1764 1077 novissimis
1796 1015 1943 1077 calami·

194 1136 323 1218 partim
346 1155 431 1197 vero
456 1133 624 1196 subsidiis
647 1134 915 1198 benefactorum
937 1154 1027 1217 opus
1107 1143 1220 1196 tatum
1251 1134 1471 1215 temporibus
1499 1134 1630 1215 ubique
1661 1136 1879 1216 praesertim
1909 1137 1951 1200 in

194 1258 446 1321 exstructionis
468 1258 593 1319 domus
610 1275 733 1319 sacrae
754 1257 800 1318 ad
820 1255 925 1318 finem
949 1276 1027 1337 per·
1108 1253 1254 1318 Oriente
1270 1253 1506 1337 flagrantium,
1524 1256 1584 1318 ubi
1596 1258 1717 1337 plures
1733 1278 1781 1320 ex
1798 1259 1876 1322 suis
1892 1279 1952 1322 re-

194 1382 339 1443 ductum
357 1378 493 1459 fuisset,
518 1378 670 1460 ipsemet
687 1377 942 1440 illustrissimus
966 1380 1027 1441 do·
1106 1376 1244 1459 ligiosis
1275 1377 1485 1439 missionarii
1517 1398 1662 1441 munere
1689 1379 1800 1442 vitam
1834 1383 1974 1464 dege-

193 1502 310 1563 minus
326 1519 364 1562 se
373 1500 548 1581 Tergeste
565 1499 712 1561 contulit
724 1508 761 1561 et
772 1519 901 1562 novam
915 1501 1027 1562 eccle·
1106 1499 1210 1580 bant,
1246 1499 1475 1562 vehementer
1512 1499 1810 1584 distringebatur,
1857 1524 2000 1566 nun—

193 1622 281 1684 siam
298 1621 527 1684 sollemnibus
544 1620 767 1683 caerimoniis
792 1621 1025 1685 consecravit.
1107 1639 1211 1700 quam
1235 1629 1354 1682 tamen
1378 1622 1597 1703 neglegebat
1624 1623 1756 1687 avitam
1784 1624 2000 1706 discipli—

192 1745 298 1807 Anno
320 1749 399 1823 1809
417 1743 484 1806 iter
498 1742 584 1805 fecit
600 1742 953 1824 Constantinopolim,
975 1743 1025 1805 in·
1106 1760 1173 1803 nae
1199 1741 1416 1804 monasticae
1445 1742 1748 1827 observationem,
1789 1745 2000 1828 ipseme-

191 1866 326 1928 vitatus
348 1886 369 1927 a
392 1864 594 1946 patriarcha
613 1864 711 1926 Arm.
734 1864 836 1944 cath,
862 1874 900 1927 ut
916 1866 1025 1927 adve·
1105 1861 1226 1925 stricte
1244 1864 1370 1945 colere,
1395 1882 1544 1944 eamque
1561 1864 1635 1927 suis
1650 1876 1804 1947 paterno
1820 1886 2000 1930 amore?

192 1987 284 2049 niret
300 1988 437 2069 synodo
453 1985 632 2066 nationali,
655 2005 760 2067 quarn
778 1984 855 2067 ipse
875 1986 1024 2066 patriar·
1105 1986 1362 2047 commendare.
1396 1984 1600 2047 Conabatur
1627 2004 1780 2069 quoque,
1805 1998 1846 2051 ut
1871 2000 2000 2053 stu—-

194 2109 261 2171 cha
273 2129 319 2170 ex
331 2107 404 2170 suis
417 2106 705 2189 archiepiscopis,
719 2106 898 2188 episeopis
913 2117 950 2170 et
962 2110 1023 2169 ab·
1106 2105 1200 2167 dium
1222 2125 1345 2168 sacrae
1367 2106 1569 2189 theologiae
1590 2126 1677 2187 prae
1700 2107 1870 2171 omnibus
1887 2129 2000 2172 ce——

193 2230 337 2292 batibus
353 2240 590 2292 conventuum
610 2230 701 2291 cath.
720 2229 956 2292 Armenorum
977 2232 1024 2293 ad
1104 2227 1190 2289 teris
1209 2248 1230 2289 a
1253 2228 1327 2289 suis
1351 2228 1456 2290 enixe
1481 2231 1665 2293 coleretur.
1700 2228 2000 2311 Nequaquam:

194 2369 250 2413 res
279 2349 541 2413 ecclesiasticas
571 2349 723 2412 nationis
755 2351 1024 2414 constituendas
1105 2359 1223 2411 tamen
1247 2349 1435 2412 omittebat
1453 2351 1586 2413 hortari
1602 2370 1664 2413 eos
1685 2352 1732 2413 ad
1754 2351 2000 2432 acquiren—

194 2483 464 2535 conuocaverat.
498 2509 541 2518 -
571 2473 677 2535 Anno
700 2473 934 2553 subsequenti
957 2474 1025 2536 iter
1063 2486 1065 2605 p
1104 2473 1170 2532 das
1182 2469 1349 2532 scientias
1362 2471 1587 2533 humaniores
1600 2480 1635 2533 et
1648 2473 1693 2534 ad
1702 2471 1869 2554 perfecte
1883 2476 1989 2535 ad—

192 2591 279 2656 fecit
308 2593 462 2656 Romam
507 2594 694 2657 occasione
739 2594 878 2657 concilii
920 2615 1023 2659 oecu-
1063 2630 1065 2719 ,
1105 2591 1293 2655 discendas
1313 2593 1454 2676 linguas
1475 2603 1547 2656 tam
1564 2594 1730 2674 antiquas
1748 2592 1967 2677 (Graecanx

193 2714 320 2777 menici
343 2714 518 2778 Vaticani.
564 2714 739 2777 Viennam
769 2717 900 2796 redux,
931 2737 1024 2780 anno
1063 2730 1065 2763 ³
1105 2724 1140 2777 et
1171 2715 1345 2795 Latinam)
1379 2735 1483 2797 quam
1509 2717 1697 2778 modernas
1705 2765 1715 2797 ,
1743 2717 1954 2799 praecipue

198 2839 273 2914 1871
301 2833 464 2898 aedificio
480 2835 693 2917 monasterii,
710 2835 779 2898 iam
795 2856 816 2898 a
837 2857 901 2899 suo
922 2858 1023 2919 prae·
1062 2792 1065 2947 i
1104 2835 1277 2899 Gallicam
1309 2847 1345 2900 et
1380 2836 1637 2901 Germanicam.
1684 2836 1852 2920 Optabat
1883 2841 1947 2903 vel

192 2959 382 3020 decessore
406 2956 558 3038 condito,
582 2976 711 3019 novam
735 2959 825 3020 alam
850 2959 1022 3025 adiunxit.
1062 2952 1064 3003 ἵ
1102 2958 1267 3041 maxime,
1288 2968 1326 3021 ut
1341 2960 1421 3022 libri
1437 2960 1471 3022 in
1489 2962 1687 3023 scholarum
1704 2962 1941 3025 nationalium

140 3069 143 3075 ’
192 3077 327 3141 Eodem
353 3077 428 3141 fere
456 3089 618 3160 tempore
644 3079 748 3160 (anno
778 3080 869 3159 1872)
899 3083 1023 3147 habuit
1061 3042 1064 3135 i
1103 3100 1204 3142 usum
1216 3081 1324 3143 variis
1340 3082 1471 3164 linguis
1484 3084 1608 3145 erebro
1624 3083 1722 3165 typis
1735 3086 1935 3164 ederentur,

192 3220 364 3262 summum
381 3200 551 3283 gaudium
563 3203 609 3263 ad
623 3200 787 3265 effectum
804 3205 1022 3284 perducendi
1061 3170 1064 3249 l
1102 3204 1148 3264 ad
1162 3222 1251 3282 quos
1264 3204 1540 3266 conscribendos
1553 3206 1637 3266 data
1649 3205 1842 3268 occasione
1855 3225 1934 3268 suos

191 3322 237 3404 id,
260 3324 354 3404 quod
377 3322 445 3403 ipsi
470 3333 507 3385 et
529 3322 595 3385 toti
617 3324 887 3406 congregationi
904 3326 1022 3389 multis
1061 3294 1063 3367 l
1102 3343 1172 3385 non
1199 3326 1312 3387 solum
1339 3326 1458 3388 verbis
1484 3327 1705 3408 hortabatur,
1734 3329 1801 3389 sed
1830 3327 1933 3391 etiam

192 3462 238 3504 ex
254 3443 355 3505 annis
372 3442 407 3505 in
422 3443 512 3505 votis
529 3453 615 3525 erat,
632 3443 844 3508 aedificandi
860 3446 1021 3510 nimirum
1060 3438 1063 3525 l
1101 3465 1229 3526 reapse
1245 3447 1451 3509 adiuvabat.

191 3583 320 3626 novam
337 3564 533 3628 ecclesiam.
565 3565 794 3646 Praeparatis
811 3566 903 3629 enim
919 3588 1021 3648 prae·
1060 3544 1062 3645 l
1188 3620 1218 3684 Ο
1326 3622 1360 3682 ,Π
1441 3621 1448 3634 ,
1480 3622 1499 3654 1,
1542 3622 1586 3684 ‚d
1651 3622 1657 3636 ‚
1688 3623 1694 3634 ,
1782 3623 1789 3636 .
1875 3625 1881 3637 ⁸
1926 3647 1933 3660 .

191 3686 369 3767 parandis,
394 3687 575 3767 antiquam
599 3687 786 3749 ecclesiam
813 3709 834 3751 a
861 3689 932 3751 ΡΡ.
955 3690 1021 3753 Ca·
1059 3656 1062 3759 i
1221 3642 1334 3703 pem
1363 3632 1550 3684 usmsfflml
1589 3627 1933 3706 Ommltyplsedlta'

191 3807 330 3888 pucinis
341 3810 444 3889 (anno
456 3812 595 3870 1810—1
607 3812 633 3888 1)
649 3819 815 3889 emptam,
831 3821 867 3873 et
880 3811 1020 3875 iamiam
1059 3862 1061 3891 ,
1187 3784 1209 3839 Ι·
1230 3784 1535 3858 ’ῙᾸῌΨῨΨῚΜΨ
1546 3785 1721 3858 panthea,
1738 3782 1768 3863 (i.
1783 3805 1810 3842 e·
1829 3786 1935 3843 Gram-

191 3929 327 3991 minam
358 3929 549 3991 minantem
574 3951 595 3992 a
614 3930 854 3994 fundamentis
878 3934 1005 3997 demon
1059 3896 1061 3931 ἱ
1101 3889 1209 3943 matica
1228 3888 1348 3961 linguae
1365 3888 1497 3953 Italicae,
1520 3891 1659 3963 exposita
1683 3892 1712 3945 in
1732 3889 1837 3963 lingua
1857 3892 1934 3946 Neo·

837 3980 843 3992 ⁸
1007 3970 1021 3982 ⁸
1059 3952 1061 4011 i
1100 4010 1231 4047 armena.
1248 3991 1404 4047 Accedunt
1420 3992 1551 4049 selectae
1567 3993 1713 4049 lectiones
1726 3994 1853 4050 Italicae
1871 4015 1934 4051 cum

194 4051 320 4111 endam
338 4060 484 4113 θωνα·
504 4050 582 4132 Quo
598 4052 705 4132 ΜΟ)
723 4073 757 4114 m
770 4054 895 4116 eOdem
910 4056 1020 4120 ferme
1058 4114 1061 4207 ⁴,
1101 4096 1936 4173 interpretationeArmena.Viennae,typisMech.1836.

191 4170 270 4232 loco
292 4169 524 4233 fundamenta
546 4174 628 4235 novi
652 4175 775 4255 templi
798 4176 889 4237 sacri
912 4197 1021 4258 pone·
1186 4218 1224 4273 H·
1238 4219 1418 4292 ,kmnmpmg
1429 4218 1500 4290 ςωώ
1514 4214 1613 4293 mg,
1628 4216 1656 4295 (i.
1664 4239 1690 4276 e·
1701 4221 1935 4278 vocabularium

190 4291 333 4365 bantur;
367 4301 404 4353 et
434 4312 572 4356 Sacrum
604 4296 671 4358 hoc
701 4295 911 4379 aedificmnb
941 4300 1020 4363 Deo
1059 4310 1061 4321 ¹
1100 4323 1391 4378 Armeno-turcicum
1421 4319 1493 4401 [NB.
1518 4323 1675 4381 Vocabula
1698 4323 1728 4379 T
1730 4328 1834 4382 urcica
1862 4328 1936 4383 solis

190 4412 393 4494 adiuvante,
422 4414 565 4477 biennio
594 4416 753 4496 perfecte
782 4430 1020 4484 constructum
1059 4470 1062 4493 ,
1100 4426 1194 4482 literis
1215 4425 1402 4482 armeniacis
1418 4441 1486 4483 sunt
1506 4425 1656 4506 scripta].)
1683 4430 1829 4495 Viennae,
1855 4433 1935 4506 typis

191 4543 256 4596 est.
272 4534 374 4616 Dein,
392 4537 516 4617 paucis
533 4537 726 4601 interiectis
739 4541 929 4624 mensibus,
946 4543 1020 4605 illu·
1099 4530 1240 4585 Mechith·
1262 4529 1352 4601 1838·

190 4656 383 4720 strissimus
414 4658 576 4721 dominus
609 4662 722 4722 abbas
754 4660 811 4723 dic
847 4666 893 4725 15.
924 4665 1019 4747 Aug.
1059 4680 1062 4707 ¹
1187 4653 1430 4727 1¹1·l'=¹¹¹‘²¹¹‘r¹¹'‘¹'
1441 4651 1936 4733 nuttam.(i.e.vocabu1arium

195 4783 274 4858 1874
292 4778 327 4840 in
342 4777 436 4842 festo
453 4780 493 4843 B·
506 4780 553 4843 M.
567 4780 609 4843 V.
628 4781 663 4843 in
680 4783 799 4844 coelos
815 4796 1020 4866 assumptae
1100 4756 1460 4815 ‘Pumice-armeniacum.
1486 4756 1612 4838 [Totum
1634 4760 1727 4816 literis
1744 4760 1935 4820 Armeniacis

1101 4858 1339 4941 conscriptum.])
1359 4864 1502 4930 Viennae,
1516 4867 1596 4940 typis
1609 4865 1751 4921 Mechith.
1769 4866 1874 4923 Editio
1887 4886 1935 4924 se·

1101 4965 1196 5020 cunda
1218 4964 1307 5039 1858.

1186 5088 1236 5143 IV·
1253 5090 1296 5164 ψ,
1320 5090 1513 5165 814ψηῃηψ
1530 5087 1785 5170 (ῥωῇᾗωῖιὶιωῖι)
1803 5097 1933 5172 dalaia.

1099 5187 1128 5268 (i.
1143 5211 1169 5247 e.
1182 5192 1208 5248 V
1211 5195 1291 5248 ersio
1304 5193 1435 5251 ilrmena
1448 5195 1538 5252 libelli
1553 5197 1663 5253 Felicis
1673 5197 1873 5275 Dupanloup:
1886 5200 1932 5255 De

191 5281 285 5323 mum
305 5264 484 5328 sollemnis
504 5267 634 5329 missae
652 5267 861 5332 sacrificium
883 5269 917 5332 in
938 5291 1018 5353 gra·
1100 5297 1227 5352 concilio
1248 5302 1443 5356 oecumenico
1465 5298 1478 5379 [

190 4920 320 4982 magna
336 4902 574 4965 sollemnitate
590 4923 718 4965 novam
728 4905 820 4967 hanc
834 4907 1020 4969 ecclesiam

191 5021 307 5084 titulo:
332 5024 525 5087 Patrocinii
548 5026 588 5087 B.
612 5025 660 5088 M.
682 5026 724 5089 V.
748 5028 867 5109 (vulgo
890 5027 1019 5091 Maria-

191 5139 332 5224 Schutz)
362 5146 591 5209 consecravit.
631 5147 836 5229 Eodemque
865 5149 921 5211 die
949 5150 1019 5230 pri-

1479 5299 1662 5382 Vaticano].)
1685 5303 1831 5371 Viennae,
1854 5307 1932 5380 typis

189 5380 319 5444 tiarum
341 5385 514 5449 actionem
529 5388 608 5450 Deo
625 5386 666 5451 O.
683 5389 742 5471 M,
768 5410 832 5471 pro
849 5391 1019 5474 singulari
1057 5404 1061 5473 ι
1098 5401 1239 5458 blechith.
1257 5402 1330 5458 Cum
1348 5405 1476 5478 imagine
1492 5409 1635 5463 auctoris.
1656 5405 1747 5482 1869.
