4222 6106
971 507 1013 514 .,
1059 468 1093 531 11
1138 505 1179 512 ,-

73 695 100 723 ”
205 716 327 787 solum
354 714 469 786 silvas
494 712 737 785 densissimas
766 712 1010 808 exstirpasse,
1033 712 1291 808 regionesque
1315 712 1475 785 incultas
1501 712 1536 784 in
1561 738 1679 809 agros
1699 713 1946 786 fertilissimos

205 887 434 972 immutasse,
464 888 535 958 sed
563 885 675 958 etiam
705 885 958 958 doctrinarum
986 885 1198 981 artiumque
1226 885 1363 958 lumine
1393 911 1560 959 errorum
1595 889 1775 960 tenebras
1804 867 1945 959 discus-

206 1061 301 1134 sisse
329 1075 446 1154 atque
474 1058 646 1131 homines
672 1060 777 1131 feros
804 1073 921 1153 atque
949 1058 1130 1131 immanes
1162 1062 1214 1131 ad
1240 1058 1510 1131 humanitatem
1549 1072 1587 1131 et
1620 1060 1946 1132 mansuetudinem

206 1259 411 1307 revocasse
440 1248 479 1306 et
507 1234 644 1304 multos
672 1233 870 1328 praeclara
899 1232 1095 1305 doctrinae
1129 1249 1168 1304 et
1200 1231 1405 1304 industriae
1434 1232 1599 1327 vestigia
1632 1248 1670 1304 et
1704 1247 1944 1304 monumenta

205 1407 414 1501 reliquisse,
444 1406 528 1500 quis
557 1421 616 1478 est
644 1405 706 1499 qui
735 1405 903 1477 nesciat?

337 1580 438 1672 Quid
466 1579 526 1652 hic
554 1581 651 1650 ordo
680 1577 714 1648 in
743 1577 949 1650 litterarum
975 1578 1120 1664 studiis
1151 1579 1241 1673 quid
1261 1579 1295 1650 in
1315 1578 1428 1650 variis
1449 1577 1582 1649 artium
1601 1577 1809 1649 liberalium
1828 1603 1946 1674 gene-

206 1753 309 1826 ribus
337 1756 387 1825 ab
415 1752 516 1824 initio
546 1776 667 1845 usque
696 1753 747 1822 ad
774 1750 981 1846 superioris
1009 1753 1151 1824 saeculi
1180 1751 1367 1824 dimidiam
1397 1767 1544 1847 partem
1563 1752 1797 1845 praestiterit
1815 1778 1944 1824 monu-

207 1926 417 2020 mentisque
445 1924 592 2020 scriptis
621 1923 824 1997 memoriae
853 1924 1073 2020 prodiderit,
1109 1924 1307 1997 maximam
1339 1941 1488 2021 partem
1523 1950 1744 2020 expressum
1772 1925 1945 1996 videmus

207 2100 242 2172 in
275 2099 337 2170 illo
367 2122 502 2193 opere,
537 2099 641 2191 quod
674 2096 903 2169 inscribitur:
945 2097 1137 2186 ,Historia
1165 2098 1219 2170 rei
1247 2099 1452 2171 litterariae
1482 2097 1622 2170 ordinis
1651 2123 1680 2171 s,
1710 2098 1942 2184 Benedicti“,

208 2298 231 2345 a
259 2269 504 2343 Benedictino
533 2270 574 2341 P.
604 2270 842 2365 lllagnoaldo
871 2270 1124 2365 Ziegelbauer
1160 2271 1376 2367 conscripto
1415 2287 1453 2343 et
1487 2286 1576 2366 post
1613 2271 1694 2342 eius
1728 2285 1886 2343 mortem
1922 2296 1944 2341 a

207 2447 249 2516 P.
280 2442 448 2517 Oliverio
476 2441 707 2537 Legipontio
736 2443 942 2537 Augustae
970 2443 1251 2516 Vindelicorum
1285 2465 1381 2536 1754
1416 2444 1537 2529 edito,
1577 2469 1653 2538 quo
1690 2443 1724 2515 in
1758 2468 1876 2538 opere
1909 2443 1944 2513 in

208 2632 337 2713 partes
366 2632 546 2711 quattuor
573 2613 694 2687 diviso
723 2640 785 2687 res
813 2615 865 2687 ita
889 2616 968 2689 lere
989 2617 1174 2712 disposita
1203 2632 1272 2703 est,
1303 2634 1344 2689 ut
1372 2617 1579 2712 disputatio
1609 2617 1658 2687 de
1687 2616 1820 2688 studiis
1847 2615 1944 2687 litte-

208 2813 332 2861 rarum
359 2788 394 2859 in
422 2788 496 2859 hoc
530 2786 663 2859 ordine
699 2813 770 2882 per
805 2789 987 2861 tredecim
1025 2791 1180 2862 saecula
1212 2790 1430 2886 vigentibus
1465 2805 1504 2864 et
1539 2791 1695 2864 historia
1732 2792 1943 2863 scholarum

209 2961 578 3055 academiarumque,
608 2986 708 3056 quae
737 2962 979 3058 singulariter
1005 2967 1223 3049 floruerunt,
1252 2965 1526 3060 praemittatur,
1556 2965 1694 3036 deinde
1714 2965 1815 3036 vitae
1835 2989 1943 3059 prae-

209 3135 403 3231 cipuorum
423 3136 689 3207 Maecenatum
715 3160 736 3206 e
761 3160 916 3207 numero
937 3138 1120 3208 abbatum
1141 3152 1179 3208 et
1198 3136 1330 3208 itinera
1350 3136 1653 3209 doctissimorum
1675 3137 1942 3208 monachorum

209 3311 259 3382 ad
287 3308 557 3382 celeberrimos
590 3308 903 3381 bibliothecarum
942 3324 980 3382 et
1014 3309 1285 3381 tabulariorum
1323 3311 1524 3382 thesauros
1561 3313 1851 3394 adumbrentur,
1890 3309 1945 3380 his

209 3481 374 3576 denique
401 3481 607 3552 litterarum
636 3480 813 3566 historia,
848 3480 949 3552 vitae
978 3483 1247 3553 monachorum
1282 3482 1494 3554 eruditione
1526 3482 1817 3576 praestantium,
1856 3508 1944 3554 enu-

208 3652 366 3725 meratio
396 3677 554 3746 operum
583 3654 633 3724 ab
661 3652 704 3724 iis
734 3668 975 3726 exaratorum
1004 3655 1269 3751 adiungantur.

338 3826 404 3897 Ab
433 3824 600 3897 editione
627 3826 737 3898 huius
765 3826 845 3899 libri
874 3853 971 3900 nunc
999 3830 1084 3924 plus
1117 3855 1229 3901 unum
1258 3831 1450 3902 saeculum
1484 3828 1690 3924 praeteriit.
1738 3830 1824 3899 Hoc
1853 3828 1944 3899 inte-

208 3999 274 4071 rim
311 3998 436 4093 spatio
473 4023 573 4092 quae
611 3999 939 4073 Benedictinorum
978 4005 1074 4074 ordo
1111 4003 1281 4097 quamvis
1319 4002 1552 4098 gravissimis
1588 4001 1732 4073 interea
1769 4001 1944 4073 adfectus

208 4171 348 4243 iniuriis
375 4171 410 4242 in
440 4171 572 4244 litteris
598 4172 815 4266 profecerit,
845 4189 887 4246 ut
914 4174 1048 4268 aliquis
1068 4173 1331 4271 Ziegelbaueri
1355 4199 1557 4247 successor
1576 4173 1786 4269 conligeret
1806 4190 1844 4245 et
1862 4199 1946 4268 per-

208 4345 392 4417 scriberet
419 4347 619 4417 multorum
647 4370 766 4441 saepe
794 4347 894 4419 votis
923 4348 1131 4442 expetitum
1160 4363 1238 4433 est,
1275 4372 1344 4420 nec
1382 4347 1603 4433 defuerunt,
1643 4346 1705 4441 qui
1739 4348 1834 4419 hanc
1867 4371 1945 4417 rem

208 4521 365 4591 arduam
399 4518 594 4613 suscipere
628 4519 710 4591 ausi
743 4519 828 4591 sint.
877 4519 963 4611 Quo
998 4521 1032 4593 in
1066 4547 1222 4594 numero
1251 4535 1333 4594 erat
1362 4520 1602 4593 doctissimus
1630 4521 1671 4591 P.
1703 4519 1835 4591 Gallus
1864 4520 1944 4590 Mo-

207 4693 320 4766 relius
348 4691 630 4778 EinsiedlensiS,
660 4692 735 4785 qui,
764 4709 806 4764 ut
834 4693 950 4766 refert
977 4696 1018 4767 P.
1048 4697 1178 4767 Benno
1207 4696 1362 4780 Kiihne,
1396 4694 1459 4788 qui
1487 4694 1602 4766 vitam
1636 4694 1716 4766 eius
1750 4693 1898 4788 scripsit
1910 4693 1944 4789 ¹),

208 4888 385 4960 magnam
412 4863 621 4936 litterarum
651 4863 791 4936 ordinis
819 4889 848 4937 S.
878 4865 1073 4938 Benedicti
1102 4866 1295 4939 materiam
1325 4866 1532 4963 congessit.
1580 4867 1660 4939 Sed
1687 4882 1808 4938 morte
1836 4890 1944 4960 prae-

208 5051 356 5110 matura
383 5038 539 5109 labores
567 5035 648 5108 eius
676 5035 872 5131 interrupti
900 5052 996 5111 sunt.

383 5263 505 5271 ——..-
511 5264 520 5271 -

338 5400 360 5481 ¹)
383 5404 415 5459 P.
440 5402 519 5459 Gall.
544 5405 650 5461 Morel.
675 5406 733 5461 Ein
757 5402 974 5463 Mouchsleben
997 5423 1052 5461 aus
1075 5404 1141 5461 dem
1166 5405 1247 5461 XIX.
1271 5404 1482 5485 Jahthundert.¹
1507 5404 1690 5472 Einsiedeln,
1718 5404 1809 5478 1-875.
