4252 6112
931 464 1186 530 ..16-

276 667 312 722 X.
331 666 487 739 Nekrolog
507 665 561 722 des
576 666 609 723 P.
626 667 727 723 Anton
743 665 927 724 Viehbaech.
945 664 974 744 (i.
992 686 1018 724 e.

190 770 222 826 P.
239 770 361 826 Antonii
378 768 563 839 Viehbaeck,
585 770 716 845 professi
736 769 970 827 cremifanensis
991 783 1021 827 et

190 877 219 930 in
246 874 335 948 lyceo
357 874 510 931 Linciensi
536 874 708 948 theologiae
729 874 913 949 professoris
936 871 1020 954 vita.)

189 979 237 1034 ln:
255 980 364 1036 Linzer
381 979 776 1054 theologisch·praktische
800 977 1019 1035 Monatschril.

196 1081 286 1155 1850.
303 1102 332 1158 p.
352 1096 531 1156 705—712.

277 1205 329 1261 XI.
353 1203 414 1261 Abt
434 1204 570 1261 Thomas
593 1204 829 1261 Mitterndorler.
854 1204 1019 1278 Nekrolog.

190 1305 220 1387 (i.
245 1328 270 1366 e.
300 1309 553 1366 Reverendissimi
583 1309 693 1366 domini
718 1308 856 1365 Thomae
883 1310 1020 1364 Mitteru·

190 1412 293 1470 dorler
309 1412 428 1470 abbatis
440 1413 675 1470 Cremilanensis
690 1411 774 1492 vita.)
790 1414 1022 1487 Linzerzeitung

190 1519 247 1574 No.
269 1517 337 1586 188,
359 1533 405 1590 15.
424 1518 502 1592 Aug.
524 1516 614 1575 1860.

277 1641 343 1696 XII.
361 1639 421 1696 Abt
437 1640 588 1715 Augustin
606 1638 783 1696 Reslhuber.
805 1639 881 1695 Eine
897 1637 1021 1713 biogra-

191 1744 316 1820 phische
333 1744 450 1801 Skizze.
472 1742 501 1822 (i.
519 1764 544 1801 e.
564 1744 816 1801 Reverendissimi
832 1727 942 1800 domini
960 1743 1021 1798 Au-

190 1851 302 1922 gustini
324 1846 443 1905 abbatis
460 1848 693 1905 Cremilanensis
714 1846 797 1926 vita.)
825 1849 871 1905 In:
897 1849 1022 1905 Oester·

191 1953 375 2009 reichiseher
387 1952 631 2010 Volkskalender
647 1956 693 2009 liir
705 1952 759 2008 das
770 1953 842 2029 Jahr
860 1950 949 2026 1876,
963 1970 1023 2007 von

192 2056 245 2112 Dr.
267 2057 317 2112 Fr.
333 2057 358 2132 J.
376 2057 542 2114 Proschko
565 2055 691 2129 63-68
713 2077 742 2133 p.

277 2162 440 2218 Praeterea
450 2161 561 2237 prodiit
569 2161 662 2218 editio
674 2159 741 2217 libri
753 2163 946 2227 canticorum,
957 2162 1023 2235 qui·

191 2263 248 2321 bus
269 2265 394 2322 studiosi
418 2267 658 2323 Cremilanenses
677 2269 705 2322 in
723 2265 804 2323 cultu
820 2265 921 2321 divino
936 2278 1022 2320 utun-

192 2382 250 2437 tur,
266 2368 304 2425 ab
321 2369 427 2426 eodem
444 2372 476 2427 P.
490 2371 527 2427 A.
545 2372 746 2445 Baumgarten
763 2373 863 2426 revisa
878 2383 908 2425 et
924 2383 1021 2425 aucta.

279 2537 585 2630 Baumgartner
622 2548 838 2611 Romanus
873 2548 1022 2631 Engel-

191 2664 337 2725 bertus
354 2663 756 2747 (Michaelburanus),
775 2664 1021 2748 Salisburgen·

194 2784 251 2846 sis.
276 2784 389 2846 Natus
406 2784 441 2847 in
455 2783 660 2848 Oberndorf
673 2792 723 2849 30.
738 2784 816 2849 Oct.
836 2791 924 2870 1842,
942 2808 1021 2868 pro-

193 2906 310 2970 fessus
320 2907 466 2986 24.N0v.
477 2916 513 2970 et
525 2910 692 2971 sacerdos
703 2913 752 2972 28.
762 2911 825 2973 Iul.
837 2914 926 2989 1867.
941 2908 1021 2974 Stu-

194 3028 261 3091 diis
277 3029 487 3111 theologicis
502 3030 674 3093 absolutis
694 3032 870 3094 laboravit
886 3053 1021 3095 summo

194 3171 272 3213 cum
295 3151 435 3213 fervore
459 3151 494 3213 in
514 3152 619 3214 vinea
639 3154 779 3237 domini,
807 3165 881 3217 tum
900 3155 935 3217 in
955 3154 1021 3216 Mi-

192 3273 406 3335 chaelbeurn
424 3275 630 3356 (1868—70),
649 3283 722 3337 tum
739 3276 774 3338 in
791 3274 1021 3340 Seewalchen

195 3396 400 3478 (1870—72),
426 3405 499 3457 tum
522 3396 557 3459 in
581 3397 750 3459 suburbio
773 3398 885 3461 Miilln
909 3418 1021 3480 prope

194 3514 439 3600 Salisburgum
458 3520 669 3599 (1872-78);
698 3540 791 3582 nunc
811 3520 971 3602 fungitur
985 3522 1021 3583 in

193 3641 406 3703 monasterio
445 3642 647 3704 muneribus
685 3644 855 3725 pluribus,
895 3653 1020 3724 utpote

194 3763 410 3844 catechetae,
435 3764 592 3825 custodis
616 3764 787 3827 ecclesiae
811 3766 1019 3847 claustralis,

193 3884 451 3947 bibliothecarii
464 3896 500 3948 et
513 3886 709 3950 archivarii.
729 3887 919 3969 Rigorosis
937 3907 1020 3949 exa-

195 4004 345 4066 minibus
376 4026 441 4086 pro
469 4008 535 4070 rite
563 4009 756 4072 obtinenda
786 4009 907 4071 laurea
939 4011 1020 4071 doc-

195 4126 281 4188 toris
302 4146 328 4188 s
349 4129 550 4211 theologiae
572 4130 727 4210 peractis
748 4132 837 4193 hanc
855 4133 1020 4195 disserta·

196 4249 326 4311 tionem
350 4252 557 4333 composuit,
582 4260 619 4314 et
641 4252 792 4315 fortasse
815 4255 861 4315 ad
885 4256 1020 4334 prelum

195 4372 437 4451 praeparavit:
538 4436 541 4441 ,

282 4497 464 4555 Geschiehte
488 4499 542 4556 des
566 4500 686 4557 Ordens
711 4501 764 4557 der
785 4502 970 4576 Augustiner
993 4506 1022 4558 in

195 4602 401 4660 Deutschland
423 4603 480 4659 und
496 4605 619 4680 speciell
640 4605 694 4662 des
715 4607 901 4681 ehemaligen
916 4607 1022 4682 Augu·

194 4709 487 4777 stiner·C0nventes,
506 4708 579 4782 jetzt
595 4709 973 4768 Benedictiner·Priorates
993 4715 1022 4768 in

195 4814 285 4871 Mulln
301 4811 361 4891 (bei
380 4811 551 4892 Salzhurg.)
567 4810 596 4891 (i.
610 4833 636 4870 e.
650 4814 785 4870 Historia
797 4815 909 4872 ordinis
918 4815 1022 4891 Augu·

194 4922 389 4975 stinianorum
406 4920 435 4974 in
448 4918 620 4987 Germania,
638 4932 667 4974 et
683 4922 839 4995 speciatIm
857 4933 1023 4976 conventus

195 5022 622 5097 dissolutiAugustinianorum
632 5025 662 5080 in
670 5021 816 5080 suburbio
826 5025 1023 5101 hliillnprope

196 5125 425 5206 Salisburgum.)

281 5291 525 5365 Bautraxler
545 5303 757 5368 Gerardus
780 5303 1022 5388 (Seitensta-

197 5416 377 5497 diensis).
401 5419 441 5481 In
458 5421 537 5484 vieo
552 5422 713 5486 Wallern
730 5424 898 5487 Austriae
919 5445 1022 5506 supe·

1098 665 1198 727 rioris
1224 665 1281 727 die
1310 669 1356 725 13.
1378 664 1481 726 Febr.
1512 669 1590 726 1835
1617 676 1731 746 natus,
1756 665 1928 728 absolutis

1098 788 1246 851 Lentiae
1262 787 1439 870 gymnasii
1452 787 1578 850 studiis
1591 787 1647 849 die
1669 792 1715 850 16.
1729 786 1831 867 Sept.
1850 792 1928 866 1857

1099 909 1242 971 indutus
1267 920 1321 972 est
1344 909 1515 971 habitus.
1537 919 1573 971 et
1597 910 1722 971 eodem
1746 910 1931 991 sequentis

1099 1030 1181 1093 anni
1198 1030 1255 1092 die
1270 1031 1364 1092 votis
1384 1031 1603 1111 simplicibus
1623 1050 1662 1093 se
1683 1031 1871 1114 obligavit.
1896 1029 1930 1095 S.

1098 1152 1301 1234 theologiae
1329 1152 1446 1215 studio
1474 1154 1637 1215 absoluto
1658 1153 1812 1233 primum
1833 1154 1932 1216 stetit

1100 1276 1145 1336 ad
1158 1293 1255 1336 aram
1266 1273 1334 1336 Dei
1350 1296 1400 1354 29.
1411 1275 1507 1357 Aug.
1525 1279 1602 1337 1861
1623 1284 1658 1338 et
1674 1275 1835 1338 eiusdem
1848 1276 1933 1338 anni

1099 1396 1157 1459 die
1179 1417 1229 1474 24.
1247 1395 1346 1477 Sept.
1368 1397 1550 1460 sollemnia
1574 1397 1689 1460 emisit
1710 1408 1808 1460 vota.
1832 1397 1933 1460 Duos

1100 1519 1239 1582 circiter
1255 1539 1367 1582 annos
1383 1538 1527 1583 munere
1543 1519 1786 1600 cooperatoris
1803 1520 1838 1581 in
1855 1518 1931 1581 foro

1100 1641 1300 1703 Asbacensi
1315 1640 1458 1704 functus
1473 1641 1617 1704 ineunte
1633 1661 1726 1705 anno
1746 1642 1931 1704 scholasti-

1101 1784 1143 1826 co
1168 1768 1246 1827 18όό
1269 1764 1412 1846 linguae
1428 1764 1577 1827 Latinae
1593 1773 1629 1827 et
1646 1764 1831 1828 doctrinae
1854 1765 1930 1827 reli·

1100 1888 1217 1969 gionis
1232 1887 1476 1970 magisterium
1491 1888 1659 1969 suscepit,
1680 1888 1795 1950 donec
1812 1907 1929 1951 mense

1100 2011 1163 2072 Iul.
1184 2014 1263 2088 1878
1277 2010 1439 2072 domibus
1451 2010 1653 2072 monasterii
1666 2009 1928 2073 Viennensibus

1101 2142 1156 2195 est
1172 2132 1384 2212 praefectus

1188 2254 1343 2317 Plurima
1368 2255 1444 2317 eius
1464 2256 1597 2336 scripta
1617 2265 1700 2317 sunt
1722 2256 1767 2316 de
1788 2255 1926 2338 liturgia

1101 2396 1202 2439 sacra
1226 2387 1278 2439 ut:

1188 2505 1210 2560 Ι.
1239 2504 1476 2579 Campanologia
1500 2504 1678 2561 dioeceseos
1702 2505 1874 2572 Lincensis,
1900 2507 1925 2560 in
1963 2561 1965 2565 ,

1103 2609 1232 2684 „Linzer
1250 2608 1420 2665 christliche
1437 2607 1678 2678 Kunstblatter“,
1700 2607 1794 2682 1869,
1811 2611 1866 2666 No,
1883 2624 1910 2682 5.

1187 2713 1224 2769 Il.
1244 2713 1305 2769 Der
1321 2712 1447 2787 Gesang
1463 2712 1520 2768 und
1537 2713 1585 2768 die
1601 2713 1700 2771 Musik
1718 2716 1748 2768 in
1763 2713 1820 2769 der
1832 2714 1927 2769 Litur·

1100 2819 1159 2892 gie.
1184 2814 1213 2894 (i.
1231 2837 1257 2874 e.
1280 2817 1326 2872 De
1343 2831 1431 2874 cantu
1453 2832 1482 2873 et
1504 2820 1617 2874 musica
1638 2819 1667 2873 in
1688 2816 1834 2894 liturgia.)
1858 2816 1929 2874 Ibid.

1105 2923 1195 2996 1872,
1213 2923 1268 2978 No.
1288 2922 1380 2979 2—8.

1186 3028 1238 3083 Ill.
1256 3028 1314 3083 Die
1331 3025 1575 3083 Butzenscheibe.
1600 3023 1629 3104 (i.
1652 3048 1677 3082 e.
1700 3026 1797 3083 Orbis
1819 3030 1933 3083 vitreus

1100 3136 1129 3189 in
1138 3132 1236 3188 medio
1246 3128 1364 3209 editus.)
1376 3131 1830 3206 „GrazerKirchenschmuck“.
1843 3131 1933 3204 1871,

1100 3240 1156 3294 Νο.
1175 3253 1202 3292 2.

1187 3341 1236 3397 IV.
1254 3340 1343 3396 Wert
1363 3339 1417 3396 der
1433 3338 1682 3396 Gloekenkunde.
1704 3336 1733 3416 (i.
1751 3358 1778 3395 e.
1801 3340 1935 3396 Pretium

1100 3447 1224 3503 notitiae
1241 3441 1475 3521 campanarum.)
1492 3442 1567 3500 Ibid.
1586 3442 1771 3516 1872‚No.8
1790 3443 1828 3499 ad
1843 3444 1936 3519 1873.

1100 3553 1156 3607 Ne.
1173 3566 1203 3622 3.

1187 3656 1222 3712 V.
1239 3657 1363 3711 Planeta
1379 3655 1498 3730 plicata.
1523 3652 1598 3709 Ibid.
1621 3653 1710 3726 1873,
1727 3654 1786 3709 No.
1805 3669 1835 3725 5.

1186 3760 1236 3815 VI.
1251 3758 1506 3815 Kirchenlenster.
1524 3755 1553 3835 (i.
1569 3778 1595 3814 e.
1608 3759 1775 3813 Fenestrae
1789 3759 1940 3816 ecclesia·

1099 3862 1215 3943 stieae.)
1232 3864 1306 3921 Ibid.
1329 3863 1419 3937 1873,
1436 3864 1491 3920 No.
1509 3878 1526 3935 5
1545 3877 1575 3918 et
1592 3860 1620 3918 ὁ.

1186 3971 1251 4027 Vll.
1270 3971 1326 4025 Die
1339 3966 1548 4025 Kanontaseln.
1566 3964 1595 4044 (i.
1610 3985 1635 4022 e.
1651 3965 1791 4022 Tabulae
1805 3968 1938 4049 altaris)

1100 4074 1174 4132 lbid.
1197 4074 1287 4148 1873,
1304 4075 1360 4131 No.
1383 4089 1430 4130 11.

1186 4179 1266 4236 VIII.
1284 4179 1340 4234 Die
1357 4176 1497 4234 bildliche
1514 4176 1709 4250 Darstellung
1729 4175 1784 4232 des
1801 4178 1939 4253 heiligen

1101 4284 1232 4340 Geistes.
1243 4280 1271 4360 (i.
1282 4302 1308 4339 e.
1324 4283 1369 4338 De
1380 4284 1486 4358 spiritu
1495 4294 1601 4339 sancto
1614 4278 1795 4353 imaginibus
1808 4281 1940 4361 efficto)

1101 4386 1176 4444 Ibid.
1199 4387 1288 4460 1874,
1306 4389 1361 4443 No.
1384 4401 1408 4455 1,
1426 4401 1455 4458 3,
1474 4401 1503 4460 5,
1521 4384 1549 4442 6.

1188 4492 1240 4546 IX.
1257 4490 1368 4547 Pedum
1382 4491 1544 4566 pastorale.
1563 4487 1636 4545 Ibid.
1659 4488 1749 4561 1874,
1767 4490 1825 4546 No.
1845 4506 1886 4547 10
1899 4491 1937 4547 ad

1106 4595 1197 4669 1875,
1214 4596 1269 4651 No.
1290 4609 1316 4668 7.

1188 4700 1224 4754 X.
1236 4700 1292 4754 Die
1302 4697 1549 4774 O·Antiphonen.
1561 4695 1590 4775 (i.
1602 4718 1628 4754 e.
1636 4697 1830 4773 Antiphonae
1842 4695 1939 4773 „0“.)

1102 4802 1177 4859 Ibid.
1199 4803 1289 4876 1874,
1307 4804 1363 4859 No.
1386 4817 1431 4858 11.

1188 4909 1240 4963 XI.
1250 4908 1307 4963 Die
1318 4906 1464 4963 Bildnerei
1477 4907 1530 4963 des
1538 4906 1791 4964 vorchristlichen
1802 4908 1937 4965 Heiden·

1102 5024 1180 5068 tums
1196 5012 1254 5067 und
1267 5011 1321 5068 der
1332 5011 1540 5067 katholischen
1553 5011 1674 5067 Kirche.
1688 5007 1718 5088 (i.
1729 5030 1755 5068 e.
1769 5011 1830 5068 Ars
1843 5015 1936 5069 simu-

1101 5117 1183 5173 lacra
1199 5115 1329 5189 fingendi
1342 5114 1422 5190 apud
1434 5133 1571 5191 paganos
1584 5129 1653 5170 ante
1667 5115 1818 5172 Christum
1832 5132 1935 5173 natum

1101 5224 1176 5277 etin
1193 5221 1323 5277 ecclesia
1339 5217 1509 5298 catholica.)
1526 5218 1599 5276 lbid.
1622 5219 1712 5292 1875,
1729 5222 1786 5277 Νο.
1805 5236 1853 5277 12.

1189 5325 1255 5382 Xll.
1278 5325 1335 5380 Die
1351 5325 1429 5380 hohe
1445 5325 1532 5398 Lage
1553 5323 1606 5379 der
1623 5325 1766 5381 Kirchen.
1792 5321 1822 5403 (i.
1841 5344 1867 5381 e.
1888 5327 1934 5381 De

1102 5429 1183 5485 edito
1199 5431 1257 5485 situ
1275 5425 1492 5505 ecclesiarum.)
1509 5426 1583 5484 Ibid.
1606 5425 1696 5502 1876,
1713 5429 1770 5484 Νο.
1792 5444 1817 5485 1.
