4222 6106
807 522 848 530 -
895 485 1063 548 LXXXI
1110 523 1147 533 -

239 716 455 797 Liuphramo
480 726 624 778 auctore
639 715 730 777 liber
749 715 950 796 „Excerpta
966 714 1010 775 de
1027 714 1218 776 moralibus
1236 712 1400 794 Gregorii
1417 733 1524 795 super
1540 715 1625 776 Iob“
1650 729 1845 797 conceptus

107 866 174 936 est,
201 856 263 937 qui
287 855 485 918 absolvitur
506 854 604 916 hisce
628 853 808 917 versibus:

529 1058 607 1129 „Qui
632 1058 713 1131 legat
736 1058 815 1114 hunc
840 1057 945 1114 librum
970 1056 1050 1113 dicat
1074 1076 1152 1131 rogo
1176 1072 1301 1132 pectore
1325 1074 1419 1132 puro:

527 1170 712 1247 Liuphramo
736 1172 854 1226 veniam
878 1170 1025 1226 scelerum
1049 1169 1086 1224 da
1110 1169 1230 1225 Christe
1254 1186 1422 1243 precamur,

527 1283 601 1339 Cum
626 1284 798 1357 sanctisque
823 1284 880 1338 tuis
905 1282 1014 1338 celsam
1039 1281 1184 1356 perducet
1209 1283 1236 1336 in
1260 1281 1357 1337 aulam

526 1394 626 1469 Atque
650 1395 690 1450 illi
714 1407 865 1450 aeternam
890 1392 1006 1450 tribuas
1029 1395 1178 1467 attingere
1201 1394 1302 1457 vitam,

526 1509 593 1565 Hoc
618 1527 696 1583 opus
719 1509 856 1564 eximium
880 1507 952 1563 secit
974 1509 1024 1581 qui
1048 1506 1182 1563 scribere
1205 1507 1324 1582 praesul

525 1620 572 1676 Ad
596 1621 687 1677 decus
712 1621 860 1676 ecclesiae
884 1622 1037 1695 propriam
1062 1619 1146 1674 simul
1172 1621 1261 1692 inque
1285 1619 1429 1674 salutem“
1451 1616 1480 1696 ¹).

156 1908 160 1914 .
240 1825 456 1907 Liuphramo
480 1826 645 1907 praesule
678 1825 785 1887 etiam
814 1825 996 1906 complura
1025 1823 1181 1885 carmina
1212 1842 1317 1885 versu
1349 1823 1569 1887 Hexametro
1599 1827 1657 1888 vel
1685 1828 1847 1892 Disticho

106 1963 311 2047 composita
326 1966 350 2045 ²)
385 1976 468 2028 sunt
498 1978 537 2026 ut
567 1964 692 2026 Passio
724 1983 751 2026 s,
776 1962 974 2025 Alexandri
1003 1981 1120 2044 papae
1153 1972 1189 2023 et
1219 1961 1398 2024 Hermetis
1433 1963 1598 2045 martyris
1633 1975 1668 2028 et
1699 1966 1847 2030 aliorum

103 2113 322 2184 sanctorum,
347 2123 453 2184 quam
470 2103 605 2184 excipit
621 2102 792 2164 narratio:
819 2101 1000 2185 „Qualiter
1016 2101 1168 2183 pignora
1184 2120 1210 2164 s.
1227 2100 1408 2164 Hermetis
1425 2100 1658 2185 Salzburgum
1674 2107 1847 2170 translata

104 2240 211 2303 sunt“
230 2244 264 2321 ³).
312 2240 421 2304 Cuius
453 2259 659 2303 successore
683 2249 856 2322 regnante
888 2240 1022 2320 scripta
1052 2250 1107 2301 est
1130 2239 1314 2301 conversio
1339 2240 1594 2322 Bogoariorum
1620 2251 1655 2305 et
1678 2242 1847 2309 Caranta-

103 2400 247 2462 norum,
279 2381 374 2461 quod
397 2378 692 2461 pretiosissimum
716 2387 998 2459 monumentum,
1031 2388 1193 2439 exortum
1224 2397 1270 2439 ex
1303 2378 1477 2441 instructo
1501 2379 1703 2445 Carantano
1735 2385 1847 2446 archi·

103 2519 323 2600 episcopatu
346 2518 484 2580 alienae
508 2517 712 2581 auctoritati
736 2536 805 2580 non
830 2517 999 2598 obnoxio,
1024 2536 1077 2598 ea,
1102 2537 1193 2597 quae
1219 2517 1370 2580 ecclesia
1387 2516 1672 2602 Salisburgensis
1696 2523 1741 2583 de
1766 2542 1847 2585 con-

101 2658 222 2720 versis
246 2656 431 2719 Bavaricis
455 2667 491 2718 et
515 2655 725 2718 Carantanis
742 2653 859 2718 Slavis
882 2657 974 2717 bene
998 2664 1184 2736 meruerat,
1209 2655 1419 2735 explanavit
1433 2658 1467 2736 ἢ).
1543 2648 1545 2653 ’

239 2795 460 2877 Quamquam
478 2814 543 2876 pro
562 2804 660 2857 certo
680 2795 925 2857 demonstrare
939 2812 1010 2855 non
1022 2813 1221 2875 possumuS,
1239 2794 1393 2856 studium
1410 2793 1606 2858 litterarum
1624 2797 1710 2860 etin
1728 2818 1847 2860 mona-

102 2931 217 2997 sterio
240 2933 496 2996 Lunaelacensi
525 2944 562 2996 et
589 2933 624 2995 in
647 2932 903 2996 Cremifanensi
932 2942 968 2994 et
996 2931 1197 2994 Innichensi
1230 2932 1298 2994 illis
1329 2933 1548 3015 temporibus
1578 2936 1647 2997 iam
1675 2935 1847 3019 floruisse,

100 3087 227 3136 tamen
252 3073 338 3135 illud
360 3072 412 3134 rei
434 3071 541 3134 fidem
564 3071 659 3153 facit,
685 3073 780 3153 quod
796 3071 1063 3133 Lunaelacense
1084 3070 1348 3152 frequentatum
1372 3083 1448 3135 erat
1469 3093 1490 3134 a
1510 3073 1700 3155 monachis
1726 3075 1785 3155 qui
1801 3095 1847 3137 ex

101 3211 323 3277 monasterio
348 3210 551 3274 Cassinensi
575 3220 757 3292 venerant,
786 3221 822 3272 et
845 3209 1082 3272 Cremifanum
1113 3210 1347 3292 regnantibus
1371 3211 1569 3293 Carolingis
1602 3212 1756 3293 alioquin
1787 3233 1846 3275 ex·

102 3352 263 3415 cellebat
281 3361 317 3413 et
332 3349 548 3412 monasterio
564 3349 766 3412 InnIchensi
783 3359 948 3431 praeerat
965 3349 1179 3411 clarissimus
1202 3350 1261 3411 ille
1284 3349 1397 3411 Aribo
1421 3348 1613 3430 episcopus
1636 3350 1846 3433 Frisingiae,

103 3489 170 3571 qui
194 3501 232 3552 ut
256 3487 455 3551 Leidradus
483 3488 675 3569 episcopus
698 3487 949 3570 Lugdunensis
977 3488 1011 3549 ln
1036 3487 1220 3568 provincia
1242 3487 1410 3550 Austriae
1435 3487 1568 3569 Alpina
1592 3497 1696 3550 natus
1721 3490 1847 3551 eadem

103 3628 271 3691 doctrina
294 3638 331 3690 et
354 3625 552 3689 eruditione
577 3627 765 3689 eminebat.

241 3768 291 3829 At
319 3765 552 3847 sequentibus
580 3765 799 3847 temporibus
831 3765 887 3827 ille
920 3765 1025 3826 ardor
1053 3764 1248 3825 animorum
1277 3764 1436 3846 elanguit
1459 3765 1516 3826 vel
1540 3765 1683 3846 penitus
1707 3776 1762 3829 est
1785 3786 1846 3829 ex·

101 3908 271 3970 stinctus.
315 3904 472 3987 Quarum
496 3925 612 3967 rerum
636 3904 787 3967 tristium
811 3923 941 3966 causae
965 3914 1047 3966 sunt
1069 3903 1163 3965 bella
1187 3913 1222 3965 et
1246 3922 1302 3964 res
1324 3902 1492 3985 incertae,
1516 3922 1562 3965 ex
1585 3904 1762 3967 discordia
1786 3906 1847 3967 do-

100 4045 258 4108 mestica
273 4043 604 4125 incursionibusque
618 4043 845 4126 Hungaricae
861 4043 979 4125 gentis
996 4053 1142 4105 exortae
1155 4050 1192 4104 et
1204 4061 1338 4105 morum
1351 4041 1385 4104 in
1398 4042 1442 4104 iis
1455 4062 1596 4124 quoque
1613 4043 1846 4126 monasteriis,

101 4202 202 4267 quae
213 4185 259 4245 ab
271 4181 453 4265 Hungaris
466 4192 567 4244 erant
583 4181 727 4263 intacta,
741 4182 930 4262 corruptio
957 4181 997 4243 In
1009 4180 1224 4244 monasterio
1239 4190 1377 4243 tantum
1390 4181 1435 4242 ad
1449 4202 1476 4245 s,
1489 4182 1633 4244 Petrum
1648 4181 1846 4265 Salisburgi
1875 4200 1880 4211 ·

101 4325 167 4388 ille
192 4324 308 4403 ardor,
334 4342 438 4403 quem
461 4321 670 4384 incenderat
693 4322 802 4403 Amo,
827 4320 1023 4403 permansit
1047 4320 1193 4402 eiusque
1218 4321 1339 4383 schola
1363 4320 1574 4402 optimorum
1598 4320 1846 4402 magistrorum

100 4482 230 4544 opera,
255 4470 294 4523 ut
314 4472 392 4523 erat
408 4459 646 4523 Chunibertus
670 4461 862 4522 monachus
886 4480 905 4521 e
929 4459 1143 4522 monasterio
1160 4458 1395 4541 Sangallensi,
1420 4460 1515 4539 quod
1536 4459 1657 4521 intime
1673 4467 1749 4521 erat
1766 4478 1848 4521 con·

101 4605 267 4667 iunctum
284 4620 364 4662 cum
381 4620 407 4662 s.
424 4600 580 4682 Ruperti
597 4599 780 4680 coenobi0‚
798 4599 987 4680 Linfridus,
1004 4598 1072 4681 alii,
1097 4598 1203 4661 etiam
1220 4609 1293 4661 tum
1311 4598 1503 4678 discipulos
1527 4598 1656 4660 multos
1679 4598 1846 4677 habebat,

100 4761 153 4804 ex
179 4740 307 4821 quibus
331 4739 489 4802 nonnulli
513 4750 552 4802 ut
575 4759 602 4803 s.
621 4737 835 4800 Godhardus
859 4749 986 4818 postea
1010 4739 1055 4800 ad
1080 4738 1171 4829 altos
1194 4736 1366 4800 ecclesiae
1383 4737 1536 4798 honores
1560 4736 1797 4797 ascenderunt
1811 4736 1845 4814 5).

128 4898 249 4906 -..——--
255 4897 421 4904 ——-—

240 4983 263 5062 ¹}
286 4985 368 5051 Folz,
382 4987 475 5059 quiin
492 4983 569 5040 libro
587 4986 643 5040 iam
656 4997 822 5041 memorato
836 4985 894 5040 alia
907 4984 1052 5059 quaedam
1072 4982 1110 5039 ab
1120 4982 1282 5039 Adalramo
1295 4996 1325 5037 et
1338 4982 1524 5057 Liuphramo
1537 4981 1687 5034 venientia
1704 4982 1845 5036 nominat.

243 5095 266 5175 ²)
290 5096 454 5165 Diimmler,
479 5096 592 5153 Archiv
616 5095 661 5152 fiir
684 5103 791 5153 osterr.
816 5095 928 5152 Gesch.
953 5097 1048 5152 XXII.

239 5208 262 5287 ³}
285 5210 357 5266 Folz
380 5210 398 5266 Ι.
424 5227 468 5277 c.;
493 5210 647 5265 Diimmler
670 5209 687 5264 1.
713 5228 738 5264 c.

240 5320 263 5401 ⁴)
286 5322 333 5379 ed.
357 5320 559 5380 Wattenbach
585 5324 613 5377 in
637 5323 732 5387 Perta
756 5322 886 5377 bionum.
913 5319 1015 5376 Germ.
1040 5338 1079 5375 ss.
1105 5320 1156 5374 Xl.

240 5433 263 5513 ⁵)
287 5434 486 5494 Wattenbach
511 5436 530 5492 l.
555 5453 581 5490 c.
607 5435 629 5489 Ι.
