4222 6106
933 495 1174 555 -XL-

316 721 442 802 Neque
466 740 551 782 vero
576 740 597 781 a
620 720 841 801 temporibus
864 720 1045 801 luctuosiS,
1070 721 1199 800 quibus
1216 721 1373 802 reliquae
1391 721 1532 802 imperii
1547 730 1671 802 partes
1694 725 1927 805 urgebantur,

186 860 393 941 Hungariae
417 859 575 921 ordinem
602 858 751 920 liberum
781 877 860 920 esse
890 859 1136 939 providentiae
1167 859 1309 922 divinae
1341 861 1484 940 placuit.
1531 861 1586 922 Ibi
1617 860 1855 943 incrementa,
1888 871 1928 924 ut

186 1018 294 1078 supra
324 997 691 1077 commemoravimus,
723 997 792 1059 iam
824 1017 866 1059 eo
897 997 1213 1079 praecidebantur,
1245 1000 1340 1078 quod
1371 999 1526 1061 abbatiis
1557 1018 1667 1079 saepe
1699 1000 1924 1062 administra-

186 1148 282 1199 tores
307 1145 510 1216 praeerant,
542 1135 603 1216 qui
627 1135 746 1196 divino
771 1135 878 1196 cultui
907 1136 1038 1197 sacrati
1062 1154 1131 1197 non
1156 1147 1266 1200 erant.
1313 1136 1428 1217 Quam
1452 1136 1588 1199 ruinam
1612 1137 1744 1199 ordinis
1767 1137 1927 1220 prohibi-

186 1286 285 1337 turus
309 1274 463 1336 Mathias
487 1273 659 1336 Corvinus
689 1294 753 1335 rex
783 1292 997 1353 quamquam
1026 1277 1105 1351 1489
1136 1273 1347 1356 „assistente
1376 1275 1444 1337 sibi
1468 1275 1612 1357 Angelo
1643 1275 1816 1357 episcopo
1849 1296 1927 1338 cum

187 1418 294 1497 plena
327 1423 507 1496 potestate
537 1434 558 1475 a
588 1415 699 1476 latere
735 1412 875 1495 legato“
914 1412 1077 1474 omnibus
1112 1412 1289 1494 religiosis
1325 1416 1497 1494 quasdam
1532 1415 1633 1496 leges
1668 1416 1768 1496 tulit,
1804 1427 1925 1478 tamen

187 1555 317 1615 malum
339 1552 571 1633 praecipuum
594 1571 663 1613 non
687 1551 840 1631 sustulit,
865 1571 944 1612 cum
969 1550 1134 1613 abbatias
1157 1551 1356 1613 hominibus
1382 1553 1447 1635 ,de
1464 1571 1502 1613 se
1518 1552 1664 1633 meritis,
1687 1552 1766 1615 aliis
1783 1554 1831 1615 ad
1847 1553 1925 1615 dies

186 1690 293 1772 vitae,
316 1691 394 1752 aliis
417 1692 463 1752 ad
487 1689 679 1752 haeredes“
706 1691 929 1767 concederet,
952 1688 1149 1769 iisdemque
1173 1699 1389 1771 potestatem
1414 1692 1585 1753 abbatum
1609 1693 1843 1754 creandorum
1868 1694 1928 1754 de-

185 1831 304 1894 ferret.
350 1830 498 1892 Meliore
530 1849 609 1890 cum
638 1848 806 1890 successu
834 1828 992 1889 Mathiae
1024 1847 1209 1890 successor
1226 1829 1447 1890 Wladislaus
1470 1829 1524 1911 IL,
1549 1829 1743 1891 Bohemiae
1768 1842 1804 1891 et
1827 1831 1928 1892 Hun-

187 1968 309 2050 gariae
333 1989 407 2049 rex,
433 1967 725 2029 instaurationem
751 1966 883 2028 ordinis
907 1966 1096 2046 incohavit,
1121 1985 1200 2027 cum
1222 1966 1305 2028 huic
1330 1967 1430 2048 operi
1451 1967 1656 2030 Mathaeum
1680 1969 1725 2029 de
1741 1968 1857 2030 Tolna
1881 1969 1927 2029 ad

189 2107 400 2189 dignitatem
429 2105 646 2168 abbatialem
673 2104 806 2166 Montis
834 2104 1040 2166 Pannoniae
1071 2113 1271 2184 promotum
1304 2105 1499 2188 „notarium
1529 2106 1762 2168 cancellariae
1790 2107 1929 2188 regium

187 2266 229 2308 ac
254 2245 419 2307 clericum
444 2244 651 2306 dioeceseos
674 2241 1088 2323 Quinqueecclesiensis“
1113 2241 1334 2322 praeficeret.
1380 2243 1479 2305 Idem
1503 2264 1582 2305 cum
1606 2246 1775 2305 abbatem
1792 2243 1928 2305 Montis

187 2383 393 2446 Pannoniae
418 2382 581 2444 omnibus
605 2381 744 2463 imperii
768 2381 822 2442 sui
844 2380 1069 2442 monasteriis
1093 2393 1341 2462 praeponeret,
1366 2382 1500 2444 ordinis
1515 2383 1609 2444 vires
1625 2382 1755 2444 artiore
1773 2384 1927 2462 quodam

188 2522 329 2584 vinculo
353 2520 545 2583 coniunxit.
592 2521 790 2600 Propterea
815 2518 1003 2580 Mathaeus
1032 2520 1144 2580 abbas
1173 2523 1248 2580 1501
1282 2519 1477 2601 capitulum
1505 2520 1673 2602 generale
1705 2521 1929 2599 convocavit,

189 2672 225 2722 et
256 2660 388 2722 ordinis
419 2657 758 2740 redintegrationem
791 2656 1063 2718 commendavit.
1110 2656 1231 2737 Simul,
1257 2678 1335 2719 cum
1359 2659 1464 2739 pauci
1489 2668 1609 2720 essent
1632 2658 1790 2741 religiosi
1815 2660 1927 2741 (Mon-

189 2809 261 2861 tem
285 2798 492 2860 Pannoniae
523 2797 639 2877 ipsum
667 2796 729 2857 vix
758 2796 880 2857 decem
909 2796 1071 2857 monachi
1098 2796 1324 2878 incolebant),
1356 2805 1394 2859 ut
1422 2797 1570 2859 aliorum
1594 2817 1735 2878 quoque
1767 2797 1927 2860 ordinum

188 2937 375 3019 religiosos
399 2936 581 3017 suscipere
597 2934 664 2996 sibi
681 2933 814 3014 liceret,
831 2933 1045 3014 impetravit.
1085 2934 1260 3016 Denique,
1285 2955 1364 2997 cum
1384 2937 1420 2997 in
1436 2956 1581 2998 munere
1605 2945 1773 3018 suscepto
1797 2958 1819 2999 a
1842 2938 1927 2999 sede

188 3075 384 3157 apostolica
408 3093 538 3156 magno
563 3092 671 3152 opere
695 3073 934 3155 adiuvaretur,
958 3074 993 3135 in
1017 3074 1173 3155 capitulo
1202 3078 1280 3136 1512
1307 3075 1487 3137 celebrato
1511 3076 1547 3137 id
1571 3075 1699 3158 effecit,
1723 3086 1762 3139 ut
1786 3076 1927 3138 confoe·

188 3214 324 3278 deratio
341 3213 643 3293 monasteriorum,
662 3232 809 3293 quorum
826 3224 996 3293 patronus
1012 3232 1077 3274 rex
1094 3224 1179 3293 erat,
1197 3214 1412 3277 conveniret.
1448 3213 1547 3275 Haec
1568 3214 1784 3277 monasteria
1807 3225 1926 3275 erant:

187 3354 291 3416 Mons
315 3353 533 3433 Pannoniae,
557 3355 590 3413 b.
615 3351 751 3414 Mariae
776 3353 820 3414 de
844 3351 1060 3431 Pecsvarad,
1092 3371 1137 3415 ss.
1162 3351 1359 3414 Salvatoris
1384 3354 1428 3413 de
1452 3350 1658 3434 Szekszard,
1689 3374 1715 3415 s
1740 3354 1927 3416 Michaelis

187 3493 392 3575 archangeli
417 3493 461 3554 de
486 3492 613 3572 Batha,
639 3511 666 3552 s.
692 3490 839 3572 Aegidii
863 3491 907 3551 de
932 3489 1117 3572 Simighio,
1141 3509 1167 3551 s.
1192 3490 1343 3552 Adriani
1367 3492 1411 3552 de
1436 3490 1593 3571 Zalavar,
1619 3511 1646 3552 s.
1672 3491 1860 3554 Benedicti
1884 3493 1927 3553 de

188 3631 287 3693 iuxta
311 3629 421 3712 Gron,
445 3651 472 3692 5.
496 3629 654 3691 Mauritii
679 3631 722 3691 de
747 3630 844 3691 Beel.
891 3629 991 3691 Haec
1023 3628 1287 3692 confoederatio
1318 3630 1419 3711 leges
1449 3630 1591 3712 rogavit
1623 3632 1667 3692 de
1699 3630 1927 3693 similitudine

187 3772 303 3832 cultus
327 3771 446 3851 divini,
472 3772 517 3831 de
540 3769 705 3850 capitulis
722 3768 950 3850 generalibus
968 3768 1072 3831 tertio
1090 3787 1230 3849 quoque
1256 3788 1358 3849 ann0,
1384 3770 1428 3830 de
1450 3769 1712 3831 visitationibus
1735 3769 1928 3850 quotannis

187 3909 418 3989 celebrandis,
452 3909 496 3970 de
528 3906 702 3989 eligendis
733 3908 935 3988 abbatibus,
968 3909 1012 3969 de
1044 3907 1216 3988 obsequio
1246 3908 1402 3988 praesidi
1430 3909 1577 3989 capituli
1605 3908 1805 3990 tribuend0,
1835 3909 1927 3971 aliis.

186 4048 386 4127 Perpetuus
415 4065 501 4107 vero
533 4056 569 4106 et
598 4065 755 4106 summus
786 4064 932 4125 praeses
963 4045 1111 4125 capituli
1140 4054 1230 4126 erat,
1264 4046 1424 4126 quisquis
1453 4048 1636 4110 abbatiam
1666 4047 1800 4108 Montis
1833 4047 1927 4108 Pan-

187 4183 314 4245 noniae
338 4184 489 4264 regebat
505 4183 537 4264 ¹).
587 4182 753 4245 Forsitan
784 4183 839 4244 his
872 4182 1030 4244 Mathaei
1063 4183 1233 4246 institutis
1262 4186 1349 4246 ordo
1377 4185 1503 4248 iterum
1528 4206 1546 4248 e
1571 4185 1728 4248 tenebris
1752 4185 1788 4247 in
1811 4187 1928 4248 lucem

186 4323 328 4385 evocari
352 4332 508 4404 poterat,
537 4323 604 4384 nisi
627 4323 716 4384 haec
741 4321 840 4383 initia
863 4343 985 4404 pugna
1013 4325 1166 4385 adversa
1197 4326 1242 4385 ad
1271 4325 1418 4386 Mohacs
1451 4324 1558 4404 (1520)
1591 4343 1766 4406 oppressa
1797 4333 1834 4386 et
1865 4344 1927 4386 ex-

186 4462 316 4524 stincta
347 4469 478 4524 essent.
523 4461 614 4522 Tum
647 4460 796 4524 Osmani
821 4459 1026 4524 Solimanno
1055 4464 1144 4524 duce
1174 4463 1395 4544 Hungariam
1426 4462 1520 4524 ferro
1552 4463 1698 4544 ignique
1727 4471 1926 4525 vastarunt.

185 4598 297 4663 Simul
320 4598 423 4660 bellis
447 4598 609 4660 civilibus
633 4599 727 4660 vires
752 4599 787 4660 in
810 4599 889 4680 ipsa
906 4600 1043 4679 patriae
1060 4600 1198 4662 viscera
1215 4620 1341 4662 versae
1359 4611 1469 4663 erant.
1501 4600 1567 4662 His
1585 4601 1697 4663 turbis
1713 4600 1925 4663 interierunt

184 4736 398 4799 monasteria
423 4744 458 4798 et
482 4735 676 4817 prioratus:
701 4737 743 4799 B.
768 4737 903 4799 Mariae
928 4739 972 4799 de
996 4737 1131 4819 Stohla,
1157 4759 1182 4800 s.
1207 4739 1392 4801 Michaelis
1417 4741 1461 4800 de
1484 4739 1636 4820 Batta2),
1661 4759 1707 4802 ss,
1725 4737 1925 4801 Salvatoris

316 5077 336 5156 ¹)
360 5078 509 5136 Schramb
534 5081 562 5134 in
586 5078 738 5134 Chronico
764 5080 927 5135 Melliccnsi
959 5081 1047 5134 etiam
1076 5079 1152 5135 hanc
1177 5079 1471 5136 confoederationem
1504 5081 1541 5135 ad
1569 5080 1771 5137 Mellicensem
1800 5080 1926 5136 confor-

185 5203 293 5246 matam
317 5209 385 5246 esse
414 5191 580 5258 contendit,
606 5190 634 5246 id
658 5191 740 5264 quod
764 5209 782 5246 a
807 5192 945 5247 Czinario
970 5192 987 5246 l.
1013 5210 1038 5247 c.
1064 5192 1100 5246 ΙΙ.
1126 5191 1284 5247 refutatur.

314 5319 336 5398 ²)
360 5322 431 5396 Ipso
455 5322 513 5386 die,
538 5341 598 5396 quo
622 5341 725 5397 pugna
748 5323 786 5378 ad
810 5324 935 5380 Mohacs
960 5325 1120 5379 commissa
1145 5337 1200 5386 est,
1226 5323 1401 5379 Ludovicus
1418 5324 1456 5378 II.
1481 5323 1582 5378 infelix
1606 5342 1659 5379 rex
1683 5325 1712 5378 in
1736 5324 1794 5380 hoc
1818 5340 1925 5378 mona·

184 5435 276 5489 sterio
301 5432 554 5490 commorabatur.
