4222 6106
901 489 1157 561 „55-

240 667 550 742 Dannerbauer
571 676 853 760 Wolfgangus
886 676 988 757 (Cre-

134 795 428 877 mifanensis),
467 805 574 858 antea
603 795 766 876 Michael,
798 793 988 859 Cremifani

133 924 203 987 die
231 941 284 982 12.
302 918 402 1000 Sept.
425 922 504 982 1835
529 928 633 982 natus
656 919 788 983 ibidem
810 917 988 1002 gymnasii

133 1042 277 1109 studia
288 1042 456 1114 absolvit;
481 1061 507 1104 s.
520 1042 644 1105 habitu
656 1042 714 1105 die
730 1047 781 1105 31.
795 1041 889 1123 Aug.
908 1044 988 1102 1856

131 1174 309 1246 accepto
333 1164 568 1246 confectoque
595 1164 757 1227 tirocinio
784 1163 989 1245 disciplinas

132 1287 380 1369 theologicas
403 1286 439 1349 in
458 1287 621 1349 instituto
644 1285 846 1368 theologico
870 1287 989 1348 dome·

129 1410 249 1472 stico
270 1411 358 1472 ads.
375 1409 578 1473 Florianum
600 1408 733 1489 didicit,
759 1408 816 1470 die
834 1429 883 1486 ²9·
902 1409 987 1470 Dee.

134 1535 245 1593 1860
270 1531 484 1594 sollemniter
504 1530 687 1613 professus
712 1541 748 1593 et
771 1530 828 1592 die
853 1533 903 1591 28.
925 1530 987 1592 Iul.

126 1651 379 1736 insequentis
395 1654 477 1716 anni
494 1653 586 1716 inter
597 1654 803 1714 sacerdotes
816 1651 989 1714 ecclesiae

124 1776 355 1839 catholicae
371 1785 569 1858 cooptatus,
598 1778 765 1853 1861-75
779 1783 991 1855 cooperator

122 1904 173 1957 et
190 1917 274 1979 per
285 1910 425 1980 tempus
438 1869 601 1980 provisor
613 1897 803 1980 parochiae
816 1895 989 1957 Buchkir·

121 2018 266 2094 chem
301 2025 466 2101 1875-78
494 2022 669 2102 parochus
692 2020 728 2082 in
751 2019 863 2100 Rohr,
891 2017 991 2080 initio

120 2143 242 2205 anni
273 2149 350 2224 ¹879
375 2145 421 2206 ad
448 2143 763 2205 administrandam
787 2140 991 2223 parochiam

120 2258 403 2328 Eberstallzell
422 2265 572 2328 transiit.
603 2264 826 2345 Quamquam
850 2263 884 2325 in
907 2282 991 2325 cura

120 2384 354 2450 animarum
381 2387 685 2469 occupatissimus,
717 2405 820 2449 omne
849 2395 990 2467 tempus

121 2503 287 2572 officiis
301 2530 453 2573 vacuum
474 2511 520 2571 ad
536 2510 727 2591 legendum
750 2508 990 2570 scribendum·

122 2642 224 2703 que
255 2643 458 2696 convertere
479 2633 569 2694 solet
592 2643 629 2694 et
652 2632 767 2693 adhuc
790 2632 878 2693 haec
903 2650 989 2711 opu-

122 2752 261 2815 scula
275 2755 370 2836 typis
386 2753 584 2816 mandavit:

253 2881 272 2936 Ι.
288 2880 503 2955 Kurzgefasste
520 2880 656 2937 Chronik
671 2880 725 2936 des
741 2877 989 2952 eilfhundertjalh·

122 2973 990 3049 Πἐειι8311311131111313111133Κ131113111111131311111111133311

122 3074 322 3148 Jubelteier
341 3089 432 3164 1877.
449 3087 479 3168 (i.
496 3109 522 3146 e.
541 3091 646 3146 Brevis
662 3090 804 3147 historiae
817 3088 989 3145 monasterii

125 3177 393 3251 cremifanensis
409 3197 562 3251 enarratio
579 3196 693 3270 scripta
709 3193 745 3250 ad
762 3211 869 3249 annum
886 3211 989 3249 mona-

123 3297 248 3352 steri}
263 3297 418 3355 iubilaeum
440 3296 542 3377 1877.)
566 3300 649 3365 Linz‚
672 3298 914 3354 Buchdruckerei
936 3297 990 3353 des

125 3383 367 3460 katholischen
383 3404 624 3460 Pressvereines.
643 3402 685 3460 8⁰.
703 3418 741 3475 55
760 3422 789 3478 p.

253 3507 286 3563 Il.
297 3506 403 3564 Abriss
419 3508 474 3564 der
487 3506 670 3564 Geschichte
683 3506 737 3562 des
749 3505 854 3563 Stistes
867 3507 990 3562 Krems·

127 3606 295 3668 mt'inster
317 3612 375 3669 und
397 3614 498 3668 seiner
521 3611 684 3668 Pfarreien.
712 3611 789 3667 Eine
812 3609 991 3667 Festschrift

124 3707 205 3762 aus
220 3715 816 3774 111331111381361111313111133338111133.
830 3712 860 3793 (1.
874 3734 900 3771 3.
914 3713 991 3770 Suc·

126 3806 265 3876 cincta
282 3823 422 3878 historiae
439 3823 613 3878 monasterii
630 3819 864 3877 Cremifanensis
886 3833 916 3875 et
936 3838 990 3894 pa-

126 3920 329 3983 rochiarum
345 3925 442 3983 eidem
460 3928 719 4001 incorporatamm
733 3927 864 4000 epitome
878 3925 991 3998 scripta

127 4015 180 4071 ad
207 4043 320 4087 annum
337 4029 497 4087 iubilaeum
518 4026 627 4107 1877.)
638 4030 834 4085 Erweiterter
845 4027 990 4104 Separat·

129 4113 296 4191 abdi-uel
311 4154 365 4191 aus
382 4133 448 4190 dem
464 4134 658 4209 „Deutschen
669 4134 889 4200 flausschatz“‚
905 4132 991 4208 Jahr-

133 4233 252 4310 gang
265 4252 290 4309 3,
305 4240 361 4295 No.
379 4252 430 4311 43.
448 4237 660 4312 Regensburg‚
684 4238 788 4294 Druck
804 4237 862 4292 und
879 4236 991 4309 Verlag

135 4336 225 4389 von
249 4341 351 4409 Pustet‚
369 4348 412 4417 4⁰.
435 4342 471 4400 16
487 4361 517 4418 p.

257 4446 302 4504 Ill.
317 4450 599 4506 Kremsmdnsterer
614 4445 855 4503 Volkskalender
871 4444 924 4500 auf
937 4444 991 4500 das

150 4527 246 4602 1²¹¹?
261 4552 340 4627 1878.
362 4550 392 4632 (1.
410 4573 437 4610 3.
455 4550 663 4609 Calendarium
685 4551 714 4605 in
732 4569 815 4605 usum
832 4549 991 4625 parochia·

154 4651 566 4734 1101’111110131111111113113111111.)
579 4657 663 4722 Lina,
673 4653 989 4711 Pressvereinsdruck.

160 4735 204 4801 8⁹.
232 4772 309 4839 55¹3·

258 4864 300 4924 IV.
320 4865 565 4924 Eberstallzeller
580 4862 823 4920 Volkskalender
843 4859 871 4940 (i.
889 4883 915 4919 e.
933 4864 991 4919 Ca·

164 4943 323 5028 lendarium
338 4974 367 5028 in
376 4990 461 5028 usum
472 4969 722 5045 parochianorum
736 4970 764 5024 in
773 4965 991 5046 Eberstallzell)

168 5059 225 5115 ²¹¹5
242 5070 283 5132 das
296 5077 368 5153 Jahr
388 5074 479 5149 1879.
497 5072 571 5130 Ibid.
589 5071 631 5130 8⁰.
650 5071 689 5130 68
707 5090 736 5147 p.

257 5184 445 5261 Dechant
475 5196 733 5260 Norbertus
765 5195 991 5257 Henricus

181 5289 416 5397 lScotensis).
441 5314 600 5381 Viennae
614 5316 651 5377 in
666 5313 814 5376 Austria
829 5313 925 5375 vitae
941 5314 991 5375 lu-

1068 695 1132 737 nos
1159 675 1291 738 famulo
1315 676 1350 738 in
1374 678 1561 759 gymnasio
1585 678 1896 740 Benedictinorum

1068 798 1114 858 ad
1132 795 1270 861 Scotos
1302 797 1390 861 Cum
1413 798 1522 881 igitur
1544 799 1675 861 ibidem
1695 799 1797 862 bonis
1818 798 1896 861 lite-

1068 919 1116 981 ris
1132 939 1276 1001 operam
1292 931 1470 1002 navasset,
1488 931 1730 984 consummato
1751 921 1785 982 in
1802 920 1895 982 univ.

1068 1040 1221 1104 Vindob.
1243 1061 1347 1104 cursu
1367 1043 1622 1125 philosophicO,
1646 1042 1896 1105 monasterium

1068 1164 1115 1224 ad
1142 1161 1270 1226 Scotos
1296 1164 1478 1247 ingressus
1509 1166 1566 1226 die
1595 1187 1645 1227 21.
1674 1164 1773 1246 Sept.
1806 1168 1896 1244 1840,

1069 1294 1154 1347 vota
1169 1287 1327 1349 sollemni
1343 1288 1412 1350 ritu
1429 1289 1648 1369 nuncupavit
1661 1288 1718 1349 die
1732 1309 1782 1364 24·
1797 1287 1896 1367 Sept.

1074 1412 1164 1486 1843.
1188 1409 1374 1473 Absolutis
1391 1410 1473 1472 dein
1495 1419 1743 1472 sacrosanctae
1764 1410 1897 1472 theolo-

1069 1529 1152 1611 giae
1172 1532 1298 1593 studiis
1321 1533 1357 1594 in
1381 1533 1474 1594 univ.
1492 1533 1656 1613 Vindob.,
1681 1532 1738 1594 die
1762 1551 1811 1610 27.
1833 1531 1896 1593 Iul.
1995 1574 1999 1584 .

1075 1656 1154 1730 1845
1176 1665 1361 1737 neomysta
1385 1654 1510 1736 factuS,
1534 1655 1653 1717 statim
1677 1655 1722 1716 ad
1747 1653 1896 1716 docendi

1070 1793 1196 1836 munus
1213 1776 1247 1838 in
1267 1777 1454 1859 gymnasio
1475 1776 1675 1840 monasterii
1699 1775 1897 1838 destinatus

1071 1903 1136 1960 est.
1165 1897 1268 1977 Quod
1290 1918 1368 1960 eum
1393 1917 1457 1981 per
1485 1919 1517 1959 11
1545 1917 1656 1960 annos
1680 1916 1744 1978 pro
1767 1895 1897 1977 linguis

1071 2019 1229 2081 classicis
1241 2021 1491 2102 supplevisset,
1505 2041 1536 2083 a.
1552 2025 1632 2081 1856
1644 2018 1825 2101 professor
1840 2036 1897 2078 ac·

1071 2141 1176 2203 tualis
1193 2142 1401 2224 designatus
1419 2152 1482 2221 est,
1500 2142 1599 2205 cuius
1614 2152 1735 2223 partes
1752 2140 1897 2222 egregie

1071 2264 1237 2326 sustinuit
1256 2284 1368 2346 usque
1389 2268 1434 2328 ad
1456 2284 1612 2327 mensem
1627 2265 1690 2326 Iul.
1713 2268 1802 2344 1876,
1828 2281 1897 2343 quo

1071 2395 1240 2468 tempore,
1253 2406 1332 2449 cum
1345 2387 1527 2468 paullatim
1540 2386 1706 2449 audiendi
1720 2404 1827 2447 sensu
1841 2404 1898 2445 ca·

1070 2518 1173 2589 reret,
1192 2510 1341 2572 docendi
1358 2530 1502 2572 munere
1519 2530 1557 2571 se
1579 2508 1769 2572 abdicavit.
1798 2506 1897 2568 Insu-

1070 2651 1134 2712 per
1149 2632 1200 2693 rei
1216 2631 1432 2694 nummariae
1449 2640 1484 2693 et
1496 2631 1687 2713 insignium
1699 2647 1898 2711 pergnarus

1070 2753 1151 2816 inde
1168 2756 1214 2816 ab
1230 2773 1323 2816 anno
1341 2758 1418 2832 1857
1438 2755 1621 2816 custodem
1635 2751 1709 2834 egit
1721 2750 1895 2833 sepulchri

1069 2853 1216 2938 Henriei
1237 2875 1281 2939 II.
1305 2875 1533 2956 Iasomirgott
1556 2873 1751 2936 fundatoris
1778 2891 1898 2934 mona-

1069 2997 1167 3060 sterii
1189 2998 1229 3060 B.
1246 2998 1294 3060 M.
1312 2998 1355 3061 V.
1375 3000 1420 3060 ad
1442 2996 1570 3060 Scotos
1585 2996 1747 3058 Viennae
1768 3005 1804 3056 et
1826 2995 1896 3056 ind.

1069 3121 1115 3182 ab
1131 3139 1224 3182 anno
1245 3124 1325 3181 1866
1342 3118 1654 3201 nummophylacii;
1671 3137 1741 3199 qua
1757 3117 1802 3177 de
1818 3134 1897 3196 pro-

1069 3241 1186 3303 vincia
1209 3241 1340 3323 optime
1366 3241 1509 3303 meritus
1534 3260 1625 3302 anno
1653 3244 1730 3317 1872
1757 3246 1898 3300 moneta

1070 3384 1179 3427 aurea
1195 3384 1259 3447 pro
1275 3364 1402 3426 litteris
1420 3372 1455 3425 et
1472 3363 1608 3425 artibus
1624 3371 1680 3424 est
1697 3360 1896 3442 insignitus,

1070 3506 1135 3548 nec
1148 3506 1218 3548 non
1230 3486 1382 3548 societas
1394 3507 1415 3547 a
1428 3485 1545 3547 studio
1558 3483 1778 3565 antiquitatis
1790 3482 1897 3544 Vien-

1070 3627 1137 3670 nae
1154 3608 1222 3669 iam
1240 3607 1375 3688 pridem
1394 3626 1474 3669 eum
1492 3607 1558 3668 sibi
1578 3605 1715 3669 addidit
1731 3605 1896 3666 sodalem.
1986 3619 1989 3623 ·

1158 3729 1269 3812 'lypis
1287 3729 1410 3791 edidit:

1154 3843 1898 3919 l.ZurPrimizfeierdesP.SigismundGschwand-

1070 3972 1133 4020 ner,
1151 3952 1204 4007 Dr.
1222 3946 1275 4006 der
1291 3950 1486 4025 philosophie
1508 3949 1566 4005 und
1588 3949 1642 4005 der
1662 3949 1755 4005 freien
1772 3950 1898 4005 Kt'mste.

1071 4054 1136 4134 (1.3.
1151 4057 1249 4113 (farm.
1260 4054 1347 4112 iamb.
1357 4055 1394 4110 ad
1408 4055 1554 4130 primitias
1563 4055 1594 4110 P.
1606 4053 1637 4110 S.
1649 4049 1899 4131 Gschwandner.)

1071 4162 1214 4228 Viennae,
1237 4160 1326 4234 1849,
1345 4173 1408 4234 typ.
1426 4160 1496 4215 Car.
1515 4156 1728 4215 Ueberreuter.

1159 4267 1194 4321 ll.
1205 4263 1656 4338 [131816113111111111111ς313131.
1668 4259 1788 4340 (Hymn.
1799 4260 1900 4341 iamb.)

1071 4371 1143 4426 Zum
1159 4367 1324 4445 Jubeffeste
1341 4370 1379 4423 im
1395 4366 1485 4424 Stifte
1501 4366 1647 4423 Schotten
1663 4386 1710 4422 am
1728 4367 1901 4443 2818111131

1076 4474 1165 4547 1857.
1183 4470 1212 4551 (1.
1229 4493 1255 4529 e.
1273 4473 1401 4530 Carmen
1417 4472 1454 4527 ad
1472 4470 1629 4528 iubilaeum
1647 4467 1737 4548 11166.)
1755 4472 1899 4539 Viennae,

1072 4592 1134 4655 typ.
1151 4579 1221 4634 Ant.
1239 4576 1425 4651 Schweiger.

1157 4684 1210 4739 Ill.
1224 4684 1283 4738 Zur
1295 4681 1501 4738 Schillerfeier
1514 4701 1560 4736 am
1578 4695 1625 4736 10.
1639 4681 1715 4737 Nov.
1735 4679 1813 4751 1859
1830 4699 1898 4735 vom

1071 4788 1100 4843 k.
1119 4788 1148 4842 11.
1171 4786 1365 4861 Gymnasium
1391 4805 1426 4840 zu
1452 4784 1510 4840 den
1531 4784 1678 4840 Schotten
1699 4788 1728 4841 in
1746 4785 1833 4840 Wien
1854 4782 1900 4838 als

1071 4889 1368 4964 Erinnerungsgabe.
1390 4885 1419 4966 (1.
1437 4908 1463 4945 3.
1481 4890 1608 4944 Carmen
1624 4888 1712 4945 iamb.
1731 4891 1757 4943 in
1779 4886 1899 4942 sollem-

1071 4997 1163 5051 nitate
1179 4991 1396 5070 Schilleriana.)
1413 4993 1493 5068 Typ.
1511 4992 1621 5050 Anton.
1639 4990 1822 5064 Schweiger.

1158 5101 1376 5182 Conscripsit
1384 5121 1490 5183 porro
1500 5102 1900 5183 adiprogrammgym-

1071 5215 1160 5279 nasii
1176 5217 1222 5277 ad
1240 5212 1382 5277 Scotos:

1157 5333 1207 5389 lV.
1229 5331 1402 5404 Erklarung
1418 5330 1472 5386 der
1490 5331 1684 5404 wichtigeren
1705 5330 1900 5405 civilproces·

188 5434 252 5496 men
264 5438 347 5501 adiit
359 5438 417 5501 die
434 5442 481 5501 15.
494 5437 552 5504 Iul.
571 5447 667 5519 1821,
684 5448 787 5519 patre
800 5455 864 5518 per
877 5440 918 5497 50
931 5455 991 5498 an·
1030 5426 1033 5515 )
1071 5437 1241 5493 sualischen
1256 5435 1445 5500 Ausdriicke,
1462 5434 1510 5490 die
1527 5437 1556 5491 in
1573 5435 1697 5492 Ciceros
1711 5434 1814 5491 Reden
1831 5454 1901 5491 vor·
