4222 6106
1051 446 1258 508 —XXX
1306 482 1349 491 -

325 666 453 730 iisdem
477 667 669 731 abbatibus
692 666 906 748 regulariter
927 668 1108 752 visitandi,
1139 670 1342 754 corrigendi
1369 682 1406 735 et
1434 672 1649 736 reformandi
1681 675 1895 739 auctoritate
1925 687 2071 760 aposto·

327 805 395 869 lica
420 805 635 870 monasteria
658 805 791 868 ordinis
816 806 870 868 sui
894 806 929 868 in
954 807 1072 888 capite
1096 817 1133 872 et
1155 808 1192 871 in
1215 809 1400 893 membris,
1433 831 1525 891 quae
1547 811 1753 875 visitatione
1785 815 2005 878 correctione
2034 827 2071 880 et

327 945 578 1011 reformatione
594 946 723 1009 viderit
739 944 920 1029 indigere“
937 945 971 1026 1).
1009 946 1111 1009 Haec
1135 948 1303 1010 mandata
1326 967 1405 1010 cum
1422 950 1451 1010 F
1453 968 1542 1012 avus
1567 950 1759 1034 diligenter
1781 964 2070 1038 persequeretur,

326 1106 397 1150 non
420 1088 532 1149 solum
549 1085 716 1150 nonnulla
732 1104 778 1146 ex
793 1084 895 1149 ruina
918 1096 1188 1149 resurrexerunt
1211 1088 1276 1149 sed
1299 1087 1407 1150 etiam
1430 1107 1523 1151 nova
1547 1090 1690 1153 condita
1712 1100 1804 1155 sunt.
1843 1093 1899 1155 Ita
1922 1096 2069 1158 saeculo

327 1227 465 1290 decimo
496 1234 624 1308 quarto
651 1233 730 1287 orta
760 1234 843 1287 sunt
872 1224 1051 1306 prioratus
1082 1226 1115 1287 b.
1140 1225 1276 1288 Mariae
1306 1227 1351 1288 de
1383 1225 1509 1290 Stohla
1523 1227 1547 1307 2)
1581 1229 1748 1291 abbatiae
1780 1249 1807 1292 s.
1841 1228 1991 1315 Georgii
2023 1234 2068 1295 de

326 1370 408 1432 Iasd
423 1369 458 1449 ³),
488 1368 522 1428 b.
546 1364 683 1428 Mariae
708 1365 753 1427 de
776 1364 975 1446 Buchan4),
1006 1383 1052 1426 ss
1078 1363 1276 1428 Salvatoris
1305 1366 1349 1428 de
1377 1366 1543 1449 Leker5),
1575 1369 1608 1430 b.
1633 1367 1770 1431 Mariae
1794 1369 1839 1430 de
1863 1369 2067 1453 Zebegeny,

325 1509 359 1569 b.
383 1505 518 1568 Mariae
547 1505 592 1566 de
615 1502 759 1584 Bizere,
793 1504 827 1566 b.
851 1501 987 1564 Mariae
1016 1502 1060 1564 de
1088 1503 1204 1565 Kolos
1218 1502 1257 1585 ⁶),
1290 1505 1324 1567 b.
1347 1504 1484 1567 Mariae
1512 1505 1557 1567 de
1590 1506 1988 1591 Koppanmonost0r7),
2020 1530 2066 1574 ss.

326 1646 568 1728 apostolorum
591 1643 690 1706 Petri
715 1650 751 1704 et
774 1641 877 1704 Pauli
901 1642 946 1704 de
970 1640 1142 1705 Szerencs
1157 1641 1192 1724 8).
1240 1641 1314 1705 Sed
1344 1652 1464 1707 tamen
1496 1646 1584 1707 ordo
1614 1643 1721 1708 etiam
1745 1647 1921 1726 quaedam
1945 1668 2066 1711 mona-

325 1785 435 1849 steria
458 1783 585 1847 amisit.
624 1781 684 1846 Sic
707 1781 854 1843 abbatia
877 1800 923 1844 ss.
940 1779 1125 1843 Trinitatis
1141 1781 1186 1842 de
1203 1779 1323 1844 Siklds
1343 1786 1422 1844 1303
1448 1780 1747 1846 Cisterciensibus
1771 1803 1943 1847 concessa
1966 1790 2065 1868 est9),

326 1947 352 1991 s.
376 1924 549 1988 Demetrii
571 1923 641 1986 iam
670 1925 747 1983 1332
772 1919 971 2001 interierat,
999 1921 1034 1982 b.
1058 1918 1195 1981 Mariae
1224 1920 1269 1981 de
1297 1917 1457 2003 Giissing
1484 1926 1565 1983 1280
1593 1920 1629 1984 in
1652 1923 1838 1984 castellum
1869 1922 2065 2006 immutata,

326 2066 473 2128 abbatia
497 2064 636 2124 Aracsa
663 2065 743 2139 1378
773 2058 887 2121 ordini
914 2058 1063 2121 fratrum
1091 2057 1265 2121 minorum
1288 2057 1435 2139 tradita,
1467 2079 1494 2120 s.
1520 2057 1695 2141 Stephani
1718 2061 1763 2122 de
1786 2061 1886 2124 Kaiit
1914 2083 1995 2140 1220
2019 2065 2065 2126 ad

326 2205 446 2265 sedem
471 2200 712 2282 episcopalem
736 2197 916 2261 destinata
939 2205 1017 2258 erat
1026 2197 1073 2278 ιο).
1111 2197 1306 2259 Praeterea
1333 2196 1430 2259 vires
1460 2196 1536 2259 eius
1568 2198 1839 2261 vehementibus
1869 2199 2064 2265 factionum

326 2338 623 2420 contentionibus,
647 2356 739 2419 quae
764 2336 923 2399 extincta
945 2345 1053 2418 gente
1077 2336 1275 2417 potentium
1299 2337 1527 2417 Arpadarum
1556 2347 1781 2419 exarserant,
1811 2339 2064 2404 deminueban-

326 2492 392 2544 tur.
431 2480 485 2542 Ne
508 2479 656 2560 labaret,
680 2477 808 2539 iterum
831 2496 853 2538 a
876 2475 962 2536 sede
986 2473 1184 2556 apostolica
1208 2475 1399 2555 provisum.
1437 2474 1657 2537 Benedictus
1679 2475 1774 2557 XH,
1796 2496 1953 2541 summus
1975 2498 2064 2560 pon-

326 2619 426 2701 tifex,
450 2615 675 2698 monasteria,
700 2633 792 2697 quae
815 2614 852 2676 in
874 2612 1059 2696 provincia
1082 2611 1319 2695 Strigoniensi
1348 2621 1383 2675 et
1412 2611 1598 2676 Colocensi
1630 2624 1748 2697 erant,
1780 2615 1816 2678 in
1846 2636 1953 2680 unam
1982 2637 2064 2698 pro·

327 2759 480 2821 vinciam
504 2754 748 2839 congregavit,
772 2764 809 2817 et
832 2751 996 2815 Clemens
1019 2751 1092 2832 vl,
1124 2751 1184 2832 qui
1212 2752 1322 2814 aetati
1350 2751 1427 2814 eius
1450 2752 1639 2834 successit,
1671 2763 1710 2815 ut
1740 2754 1786 2815 ad
1818 2758 2063 2836 recuperanda

326 2895 541 2960 monasteria
564 2904 601 2957 et
623 2892 869 2975 possessiones
892 2911 1015 2954 omnes
1037 2890 1101 2953 lati
1123 2890 1262 2971 imperii
1278 2890 1503 2954 Benedictini
1519 2902 1770 2973 procuratores
1786 2903 1960 2977 crearent,
1980 2900 2060 2974 1343

326 3033 519 3099 constituit.
559 3032 700 3114 Quanto
724 3050 833 3112 opere
857 3038 893 3092 et
915 3031 1005 3092 haec
1029 3031 1173 3092 decreta
1201 3040 1237 3092 et
1261 3029 1419 3111 capitula
1447 3040 1545 3094 certo
1576 3040 1736 3112 tempore
1765 3031 1889 3095 habita
1919 3052 1966 3095 ex
1995 3052 2063 3095 usu

325 3173 458 3236 ordinis
475 3158 680 3252 acciderint,
696 3170 866 3253 cognosci
881 3169 965 3232 licet
981 3188 1028 3231 ex
1043 3169 1181 3250 litteris,
1198 3188 1287 3250 quas
1300 3168 1551 3252 Sigismundus
1567 3189 1632 3233 rex
1648 3179 1803 3234 exeunte
1820 3172 1941 3234 seculo
1957 3171 2061 3235 XIV.

324 3311 483 3394 scripsit:
516 3309 770 3395 ,Subditorum
793 3318 992 3371 nostrorum
1016 3307 1210 3371 commodis
1232 3307 1421 3389 invigilare
1448 3318 1628 3371 tenemur:
1655 3308 1866 3389 praesertim
1889 3312 2062 3373 abbatum

324 3463 361 3516 et
389 3451 640 3514 monachorum
670 3448 803 3512 ordinis
833 3468 860 3510 s.
888 3446 1094 3530 Benedicti,
1124 3447 1362 3529 quorumlibet
1390 3447 1683 3512 monasteriorum
1712 3448 1815 3530 regni
1847 3448 1969 3530 nostri,
2001 3449 2062 3531 qui

324 3591 415 3653 inter
438 3597 636 3652 ceterorum
660 3587 821 3649 ordinum
844 3587 1035 3650 monachos
1058 3604 1101 3649 ac
1123 3585 1252 3648 fratres
1274 3585 1311 3648 in
1334 3561 1413 3668 ipso
1436 3604 1548 3668 regno
1575 3586 1808 3668 augmentati,
1839 3585 1931 3649 sicut
1958 3587 2062 3649 iubar

322 3727 487 3790 salutaris
509 3725 651 3789 luminis
673 3726 783 3809 vulgo
806 3746 848 3788 ac
871 3727 1006 3807 populo
1029 3725 1190 3805 seculari,
1221 3733 1260 3788 ut
1290 3724 1326 3786 in
1355 3724 1579 3788 rectitudinis
1609 3723 1670 3787 via
1700 3736 1737 3787 et
1767 3726 1846 3788 luce
1876 3727 2059 3808 procedat,

322 3867 507 3948 praeclara
540 3867 717 3948 praebent
748 3865 915 3946 exempla
948 3876 984 3927 et
1014 3863 1279 3947 regularissima
1313 3863 1503 3926 devotione
1537 3863 1660 3925 divina
1694 3861 1813 3926 officia
1847 3865 2060 3944 complendo

322 4014 518 4087 peragunt:
542 4024 612 4067 non
636 4003 729 4066 enim
752 4002 1003 4087 gastrimargia
1027 4014 1088 4066 aut
1111 4003 1280 4066 illecebra
1310 4003 1468 4084 ipsorum
1499 4002 1661 4084 regulam
1691 4000 1877 4083 inquinare
1899 4001 2059 4074 videtur;

452 4264 473 4345 ¹)
497 4268 605 4324 Czinar
627 4268 646 4325 l.
670 4286 697 4324 c.
721 4267 744 4326 I.

451 4378 473 4460 2)
496 4380 625 4438 Condita
649 4379 688 4438 ab
712 4379 845 4438 Eberlao
868 4379 907 4436 de
930 4391 1079 4436 montes.
1104 4377 1231 4454 Georgii
1257 4379 1367 4435 comite
1390 4377 1521 4434 devilia
1545 4375 1693 4452 Stuppan.

449 4491 472 4572 ³)
496 4493 557 4550 lam
582 4506 652 4550 ante
679 4507 758 4567 1332
784 4493 908 4550 exstitit.

448 4603 471 4684 ⁴)
495 4606 556 4662 lam
584 4620 662 4679 1332
688 4607 812 4664 exstitit.

448 4715 472 4796 ⁵)
496 4719 558 4776 lam
581 4731 652 4777 ante
679 4732 760 4792 1340
783 4717 823 4775 ab
846 4717 904 4775 hoc
928 4716 1034 4775 ordine
1056 4733 1214 4794 possessa.

447 4828 470 4911 ⁶)
494 4832 558 4889 llas
582 4845 645 4888 tres
667 4828 807 4888 abbatias
831 4833 888 4888 iarn
913 4843 982 4887 ante
1009 4842 1087 4903 1342
1113 4830 1276 4897 exstitisse,
1301 4845 1337 4884 ex
1361 4827 1527 4884 litterarum
1552 4828 1750 4883 monumentis
1774 4826 1909 4902 adparet.

449 4940 471 5022 ⁷)
495 4944 572 5002 Ante
601 4943 679 5018 1382
706 4942 837 4999 condita.

450 5050 473 5133 ⁸)
497 5058 557 5113 lam
586 5070 665 5132 1392
691 5056 845 5112 exstitisse
868 5052 996 5111 videtur.

446 5164 469 5247 ⁹)
493 5169 555 5225 Iam
583 5183 664 5226 1220
688 5170 716 5224 in
742 5168 966 5244 possessionem
991 5163 1131 5223 abbatiae
1154 5184 1179 5223 s.
1203 5162 1349 5241 Stephani
1373 5164 1410 5221 de
1433 5164 1522 5220 Telki
1547 5177 1681 5221 venerat.

434 5277 468 5358 ιο)
491 5280 616 5337 Praeter
639 5280 716 5338 haec
739 5280 920 5337 monasteria
943 5279 1035 5336 multa
1058 5279 1116 5335 alia
1139 5279 1247 5354 partim
1272 5278 1458 5343 interierunt,
1482 5277 1591 5352 partim
1616 5278 1802 5352 privatorum
1826 5275 1906 5332 sacta
1928 5288 1998 5331 sunt
2020 5287 2053 5331 ut

316 5410 353 5449 ex
377 5391 459 5450 bulla
482 5392 646 5450 Clementis
668 5393 719 5452 Vl.
748 5406 826 5466 1342
851 5393 989 5469 adparet.
1021 5391 1128 5449 Czinar
1152 5391 1171 5449 l.
1195 5410 1222 5449 c.
1247 5390 1270 5451 l.
