4252 6112
885 463 1132 524 -Xv-

270 685 509 750 Cremifanum
533 706 674 769 quoque
697 686 843 750 Henrici
866 688 910 751 H.
935 688 986 770 pii
1009 688 1232 772 imperatoris
1256 709 1341 753 cura
1364 709 1429 771 per
1453 688 1683 754 Godhardum
1708 694 1874 754 abbatem

138 826 494 890 Altahae-Inferioris
518 827 661 890 ineunte
684 828 828 890 saeculo
851 827 1039 890 undecimo
1063 828 1257 891 excitatum
1283 839 1347 891 est.
1387 827 1540 892 Omnino
1564 849 1649 892 vero
1673 831 1739 893 hoc
1756 850 1876 893 mona-

139 965 296 1046 sterium,
319 974 511 1047 postquam
534 987 598 1048 per
615 967 845 1029 Altmannum
869 967 1077 1049 episcopum
1096 966 1371 1029 Passaviensem
1387 967 1490 1030 novis
1507 968 1689 1030 monachis
1712 968 1876 1049 frequen-

139 1115 253 1167 tatum
283 1112 356 1185 est,
389 1124 478 1184 quos
501 1104 742 1167 Theodoricus
773 1106 887 1166 abbas
918 1106 964 1167 ab
992 1104 1186 1167 Altmanno
1218 1105 1430 1168 constitutus
1462 1124 1481 1167 e
1512 1107 1727 1170 monasterio
1760 1107 1876 1171 Gorce

138 1253 342 1325 vocaverat,
366 1242 487 1323 itaque
510 1243 611 1325 leges
633 1242 909 1325 Hirsaugienses
932 1243 1155 1306 introductae
1179 1252 1278 1324 sunt,
1310 1242 1471 1325 vigorem
1499 1244 1687 1325 pristinum
1715 1246 1876 1325 recipere

142 1381 261 1461 coepit
276 1380 309 1462 ¹).

269 1519 391 1600 Atque
415 1518 521 1581 etiam
544 1519 767 1581 Lunaelacus
790 1527 827 1580 et
850 1518 1131 1581 Michaelburum
1156 1539 1235 1582 cum
1257 1519 1383 1601 regula
1406 1519 1510 1582 Beati
1528 1519 1707 1583 Guilielmi
1732 1522 1875 1585 abbatis

96 1662 99 1668 “
140 1658 285 1719 inducta
313 1668 418 1737 esset,
449 1657 665 1719 revixerunt.
708 1656 864 1738 Magnus
886 1655 943 1718 hic
966 1656 1177 1719 reformator
1212 1656 1325 1719 ordini
1354 1658 1531 1740 susceptis
1562 1661 1743 1722 monachis
1766 1660 1877 1741 laicis,

139 1796 200 1878 qui
224 1796 331 1859 etiam
354 1796 483 1859 fratres
507 1795 647 1858 barbati
670 1796 728 1858 vel
752 1794 921 1858 inliterati
944 1795 1178 1877 nominantur,
1203 1815 1332 1858 novum
1356 1815 1471 1879 genus
1495 1798 1692 1862 addiderat.
1740 1799 1876 1861 Horum

139 1943 226 2014 erat,
250 1936 454 1998 muneribus
477 1935 700 1999 inferioribus
724 1934 824 2016 fungi
849 1943 886 1996 et
908 1933 1113 1996 monasterii
1142 1935 1308 2016 regiones
1338 1935 1521 1998 silvestres
1552 1936 1588 1998 in
1619 1958 1782 2000 arvorum
1807 1938 1877 2000 for-

138 2093 231 2135 mam
255 2075 428 2156 redigere.
467 2074 633 2137 Monachi
658 2082 776 2136 autem
800 2072 878 2154 ipsi,
902 2072 1031 2135 fratres
1054 2072 1211 2153 litterati,
1236 2073 1335 2156 operi
1357 2072 1437 2155 Dei,
1464 2094 1655 2157 puerorum
1679 2076 1876 2157 disciplinis

138 2211 337 2292 litterisque
360 2212 539 2274 vacabant
554 2213 588 2292 2).
633 2212 712 2275 Hoc
742 2212 905 2274 instituto
937 2212 1044 2275 etiam
1075 2232 1096 2274 a
1127 2212 1351 2275 monasteriis
1376 2213 1576 2277 Austriacis
1607 2226 1758 2297 accepto
1789 2217 1876 2278 ordo

140 2352 175 2413 in
200 2351 411 2430 exequendo
435 2370 578 2413 munere
603 2370 733 2432 magno
757 2369 866 2432 opere
891 2352 1136 2414 adiuvabatur.
1175 2351 1338 2433 Longum
1361 2361 1416 2414 est
1440 2352 1599 2434 singulos
1630 2362 1764 2417 tractus
1793 2374 1878 2416 enu-
1951 2329 1955 2336 ’

139 2507 286 2570 merare,
312 2488 373 2570 qui
395 2491 526 2551 sudore
550 2497 587 2550 et
609 2489 731 2552 labore
755 2489 1006 2552 monachorum
1030 2510 1051 2551 a
1074 2489 1217 2551 feritate
1242 2491 1288 2551 ad
1311 2489 1492 2551 meliorem
1515 2490 1612 2553 vitae
1641 2493 1772 2555 cultum
1797 2512 1877 2574 per-

140 2629 380 2702 ducebantur;
414 2629 481 2690 hoc
513 2627 671 2708 dicimus,
706 2629 818 2690 valles
847 2647 1015 2690 amoenas
1046 2628 1194 2709 Alpium
1222 2627 1506 2709 Austriacarum,
1540 2626 1874 2713 Salisburgensium,

140 2765 381 2847 Stiriensium,
420 2766 648 2829 Carnicarum
684 2768 815 2829 cultum
851 2776 958 2848 atque
996 2768 1251 2829 humanitatem
1287 2766 1368 2829 filiis
1404 2788 1431 2830 s
1460 2768 1647 2831 Benedicti
1686 2770 1877 2832 maximam

140 2916 280 2988 partem
304 2915 455 2986 accepta
478 2904 610 2967 referre
625 2906 659 2984 ³).

270 3043 337 3106 His
361 3043 514 3106 strenuis
537 3064 564 3106 s.
589 3042 775 3106 Benedicti
798 3042 889 3125 filiis,
915 3064 1061 3124 quorum
1084 3044 1227 3126 plurimi
1250 3042 1420 3107 Germani
1443 3055 1545 3108 erant
1568 3065 1709 3128 genere,
1734 3048 1878 3110 saeculo

141 3183 352 3246 duodecimo
376 3183 434 3245 alii
458 3202 496 3246 se
521 3183 774 3263 adiunxerunt,
803 3182 862 3263 qui
886 3200 1090 3262 spumosam
1113 3182 1325 3246 Brittaniam
1354 3184 1506 3264 patriam
1535 3195 1684 3266 vocant,
1717 3185 1880 3247 monachi

140 3321 284 3385 Scotici.
323 3320 476 3385 Saeculo
499 3320 686 3384 undecimo
710 3320 935 3382 Ratisbonae
959 3322 1211 3383 monasterium
1235 3343 1261 3384 s.
1285 3322 1417 3383 Iacobo
1442 3331 1688 3384 consecratum
1713 3322 1879 3384 condide-

139 3471 230 3526 rant.
275 3462 368 3524 Hinc
397 3465 476 3524 1158
503 3480 617 3541 parva
646 3481 752 3522 manu
784 3460 921 3542 egressi
945 3458 1115 3523 Sanctino
1146 3463 1280 3522 abbate
1311 3460 1401 3521 duce
1424 3459 1673 3521 Vindobonam
1706 3471 1880 3523 venerunt

140 3600 262 3682 ibique
284 3599 537 3662 monasterium
560 3608 596 3662 et
619 3598 812 3680 hospitium
836 3600 882 3661 ab
905 3598 1061 3661 Henrico
1084 3599 1314 3680 Iasomirgott
1336 3597 1450 3679 primo
1475 3597 1644 3660 Austriae
1678 3601 1767 3661 duce
1799 3620 1881 3661 con-

142 3757 281 3801 cessum
305 3740 543 3820 possederunt
558 3740 592 3817 4).

273 3940 293 4019 ¹)
319 3941 544 3998 Rettenbacher
567 3941 585 3997 l.
611 3956 654 4007 c.;
679 3939 811 3995 Loserth
835 3939 852 3994 l.
878 3957 903 3994 c.

274 4052 296 4132 2)
319 4052 368 4111 Ab
393 4057 476 4111 initio
500 4055 618 4110 incolae
641 4054 893 4109 monasteriorum
923 4051 986 4107 iere
1015 4069 1120 4107 omnes
1151 4050 1217 4106 laici
1249 4063 1344 4107 erant.
1391 4052 1495 4126 Neque
1529 4071 1596 4108 curn
1629 4053 1745 4128 plurimi
1778 4071 1881 4108 mona·

143 4167 268 4223 chorum
298 4166 412 4224 ordinis
443 4166 643 4223 sacerdotalis
674 4178 790 4231 essent,
823 4165 889 4220 laici
924 4164 1037 4220 exclusi
1066 4177 1160 4220 erant.
1207 4165 1251 4219 Ne
1278 4182 1296 4218 a
1325 4166 1507 4220 monasterio
1536 4164 1727 4221 Cluniacensi
1763 4166 1882 4241 quidem

140 4278 333 4335 arcebantur.
373 4279 410 4334 Hi
441 4281 517 4336 enim
547 4281 735 4354 potissimum
768 4290 869 4344 erant,
902 4279 952 4351 qui
983 4278 1112 4332 animum
1143 4275 1225 4350 vulgi
1258 4278 1442 4332 monasterio
1474 4278 1679 4334 conciliarent.
1718 4279 1882 4334 Praeterea

141 4410 242 4465 neque
265 4393 386 4459 vestitu,
412 4410 511 4466 neque
534 4393 614 4448 votis
637 4410 655 4446 a
678 4393 802 4466 reliquis
831 4387 1023 4457 differebant,
1048 4402 1078 4445 et
1101 4392 1126 4445 si
1150 4391 1292 4445 scientias
1315 4392 1505 4446 necessarias
1534 4389 1592 4447 sibi
1621 4404 1881 4465 comparaverant,

139 4505 179 4559 ad
202 4504 378 4578 dignitatem
402 4504 621 4561 sacerdotalem
644 4503 809 4561 ascendere
833 4516 983 4578 poterant.
1022 4503 1206 4576 Hirsaugiae
1230 4521 1304 4557 vero
1328 4504 1482 4577 propriam
1499 4504 1634 4578 regulam
1652 4517 1836 4577 acceperunt
1852 4516 1883 4559 et

140 4619 290 4692 magistro
314 4616 424 4673 subditi
448 4619 538 4673 etiam
562 4617 643 4673 cultu
667 4614 802 4695 (tonsura
826 4618 950 4692 propria
974 4629 1004 4672 et
1027 4611 1134 4692 barba)
1163 4634 1181 4671 a
1205 4615 1323 4672 clericis
1354 4615 1533 4673 differebant
1565 4617 1602 4673 cl.
1627 4615 1779 4680 Mabillon,
1805 4615 1883 4670 Acta

140 4749 183 4786 ss.
208 4730 322 4786 ordinis
345 4748 370 4785 s.
395 4728 559 4798 Benedicti,
584 4730 622 4784 II.
651 4744 676 4785 1.
701 4748 782 4786 saec.
814 4742 844 4784 ct
867 4729 918 4786 VI.
946 4729 1041 4805 praei.
1073 4741 1233 4803 praeterea
1263 4728 1397 4796 Kerker,
1430 4728 1571 4785 Wilhelm
1603 4729 1657 4785 der
1687 4726 1791 4800 Selige
1823 4746 1883 4783 ron

139 4842 303 4899 Hirschau.

271 4952 295 5032 ³)
319 4955 440 5024 Quanta
464 4956 620 5030 diligentia
643 4957 781 5013 monachi
805 4972 897 5029 agros
922 4953 1083 5021 coluerint,
1113 4973 1150 5010 ex
1174 4956 1423 5010 monasteriorum
1447 4951 1591 5020 urbariis,
1624 4969 1701 5026 quac
1732 4950 1881 5019 dicuntur,

138 5069 251 5135 elucet,
276 5087 403 5142 quorum
428 5070 519 5125 multa
547 5068 584 5124 ad
615 5081 747 5124 nostram
776 5080 924 5122 venerunt
954 5069 1135 5122 memoriam.
1174 5066 1304 5122 Plurima
1337 5066 1535 5129 monasteria,
1568 5082 1635 5120 cum
1669 5063 1881 5130 conderentur,

137 5180 235 5237 silvas
257 5195 449 5256 acceperant,
473 5201 550 5257 quas
574 5179 782 5255 exstirpabant
806 5193 836 5235 et
861 5181 890 5235 in
914 5178 1049 5236 colonias
1080 5177 1192 5234 divisas
1223 5175 1365 5234 fratribus
1397 5177 1481 5232 laicis
1504 5176 1551 5231 vel
1576 5174 1746 5233 hominibus
1775 5196 1881 5234 saecu-

136 5293 255 5350 laribus
263 5294 512 5351 administrandas
525 5292 693 5351 tradebant.
711 5290 761 5348 Sic
775 5290 886 5349 lactum
899 5309 968 5348 esse
980 5291 1114 5347 videmus
1123 5290 1243 5358 Melini,
1254 5289 1421 5363 Gottwigii,
1435 5287 1640 5356 Seitenstadii,
1652 5290 1814 5348 Cremifani
1826 5300 1884 5345 etc.

273 5402 295 5482 ⁴)
320 5407 483 5472 Hauswirt‚
510 5403 693 5461 Geschichte
717 5404 770 5460 des
794 5403 902 5462 Stiftes
925 5402 1072 5461 Schotten
1096 5405 1125 5458 in
1148 5400 1249 5459 Wien.
