1217 2000
525 352 666 374 —185—

157 402 268 418 amandatus.
279 402 316 418 Nec
325 402 350 418 sin
358 405 418 418 tamen
426 408 437 418 a
444 402 573 423 prosequendis

158 432 257 449 litterarum
265 433 328 449 studiis
336 433 431 449 deterritus
437 433 476 449 fuit.
488 433 574 450 Catenam

158 463 205 479 euim
213 463 334 479 commentarii
344 463 362 479 in
369 464 450 484 regulam
458 469 472 480 s.
479 464 573 480 Benedicti

159 494 213 509 edere
225 494 309 515 parabat,
323 494 402 510 collectis
414 494 449 510 iam
463 495 522 510 multis
536 494 574 510 eius

157 524 229 545 generis
237 524 308 540 ineditis
316 525 405 545 operibus.
413 525 443 541 Ad
449 525 573 542 illustrandam

157 555 248 576 liturg-iam
254 554 378 571 Germanicam
386 555 440 571 etiam
451 556 511 576 aliqua
521 556 574 572 colle-

158 585 190 606 git,
202 591 254 606 quem
265 586 344 602 lahorem
351 586 510 602 reverendissimus
517 587 574 603 abbas

157 616 246 632 Martinus
253 616 271 632 in
280 621 312 632 sua
318 616 374 632 veteri
381 617 453 637 liturgia
457 617 574 633 Alemannica

158 647 251 667 bipartita,
264 647 417 667 disquisitionibus
428 647 513 668 praeviis,
527 648 574 664 notis

158 680 177 693 et
185 677 340 693 observationibus
348 677 446 698 inlustrata,
455 678 526 694 abunde
533 683 574 699 sup-

159 708 220 728 plevit.
229 708 304 724 Dei-num
310 708 402 724 historiam
409 709 524 729 episcopatus
529 709 574 725 Con-

159 738 262 754 stantiensis
274 739 352 755 scribere
364 739 464 760 cogitabat,
478 740 574 755 communi-

159 772 200 785 cato
212 774 252 785 cum
263 769 337 785 eruditis
351 770 389 785 eius
403 770 463 790 operis
476 773 574 790 conspectu

159 800 208 820 typis
216 805 290 819 excuso;
301 805 362 816 verum
373 800 390 816 in
401 800 459 820 medio
469 801 502 816 hoc
513 801 574 816 labore

159 830 268 851 Marquardo
281 831 335 851 louge
349 831 410 847 melior
423 836 462 847 sors
477 831 543 852 obtigit
556 834 574 847 et

161 860 231 876 occasio
242 861 334 882 perampla
341 864 379 877 tum
387 861 491 877 eruditionis
499 862 573 882 copiam,

159 894 196 907 tum
211 891 229 907 in
245 892 299 907 rebus
314 892 388 912 agendis
404 892 485 912 peritiam
503 892 574 913 publice

159 922 242 937 testandi.
256 921 287 938 Ab
298 922 364 938 abbate
376 922 471 938 Francisco
483 923 505 938 11.
517 923 574 943 primo

160 955 202 973 post
209 957 259 968 suam
267 952 372 968 electionem
380 958 426 968 anno
438 953 455 968 in
466 954 573 969 sacellanum

159 983 269 1003 adsumptus,
277 985 295 998 et
301 988 347 999 anno
354 983 435 1004 sequenti
442 985 481 1004 1728
486 983 573 999 Viennam

159 1009 223 1038 misbus
231 1013 269 1034 fuit,
281 1014 333 1034 eique
345 1014 438 1030 commissa
449 1017 490 1030 sunt
501 1014 574 1035 negotia

159 1045 240 1060 ordinum
252 1045 364 1065 Brisgoviae,
378 1050 413 1065 quo
426 1045 443 1061 in
457 1050 528 1061 munere
542 1050 574 1066 per

158 1080 215 1091 annos
226 1075 267 1095 pius
279 1080 331 1096 quaxn
343 1075 415 1096 vig-inti,
428 1075 502 1096 patriae,
514 1081 574 1092 mona-

159 1105 213 1121 sterio
221 1108 239 1121 et
247 1105 287 1121 aliis
295 1106 375 1126 plurimis
385 1106 424 1126 pari
435 1106 542 1122 dexteritate
552 1111 574 1122 ac

158 1140 248 1155 successu,
256 1141 290 1152 nec
297 1136 359 1152 minori
368 1141 407 1152 curn
415 1137 468 1152 laude
476 1139 494 1152 et
502 1137 574 1157 publica

159 1165 206 1181 fama
221 1169 276 1186 atque
291 1169 343 1182 antea
359 1167 460 1183 notissimus
472 1167 492 1182 1³*
502 1167 573 1183 Blasius

159 1196 231 1212 Bender
239 1197 293 1213 variis
301 1200 319 1213 et
327 1197 438 1218 gravissimis
446 1197 463 1213 in
471 1198 525 1213 rebus
533 1203 574 1218 pro-

158 1226 197 1243 fuit.
211 1227 270 1248 Quare
281 1228 338 1243 abbas
348 1228 454 1244 Franci-scus
465 1228 482 1244 in
494 1228 573 1244 testim&

159 1258 207 1274 nium
213 1258 314 1274 meritorum
321 1263 367 1274 anno
376 1260 415 1279 ¹7³2
423 1259 440 1274 in
448 1258 520 1279 publico
525 1259 573 1280 capi-

159 1289 196 1304 tulo
207 1288 298 1305 Cellerarii
309 1289 369 1310 mag-ni
379 1289 449 1305 titulum
459 1289 476 1305 ei
487 1289 572 1305 attribuit.

159 1319 246 1340 Ampliori
251 1319 317 1335 honore
322 1320 405 1340 dignatus
412 1323 440 1335 est
446 1325 457 1335 a
463 1325 536 1336 caesare
540 1320 574 1336 Ca-

159 1350 197 1365 rolo
204 1349 241 1369 VL,
249 1349 301 1365 titulo
309 1350 377 1366 seilicet
385 1350 480 1366 consiliarii
491 1353 509 1366 et
519 1350 573 1366 histo—

159 1379 250 1400 riographi
265 1380 352 1400 caesarei,
366 1385 420 1396 aureo
433 1381 506 1401 insuper
518 1381 574 1397 numi>

159 1413 216 1426 amate
226 1410 301 1431 gemmis
311 1413 373 1426 omato
384 1411 483 1431 decoratus,
492 1412 539 1431 quod
551 1412 574 1427 ad

159 1440 275 1456 immortalem
280 1441 357 1457 familiae
362 1446 405 1457 suae
410 1441 485 1462 gloriam
491 1442 574 1462 genealo-

159 1471 207 1492 giam
215 1471 347 1492 diplomaticam
355 1474 442 1493 augustae
450 1472 510 1493 gentis
515 1472 574 1488 Habs-

159 1501 245 1522 burgicae
253 1501 335 1522 publicae
343 1502 378 1518 luci
386 1502 489 1522 reddiderit,
498 1507 543 1523 opus
551 1503 574 1518 ab

159 1532 234 1548 eruditis
242 1532 314 1548 maximi
325 1533 442 1553 aestimatum,
453 1538 493 1549 cum
503 1535 575 1553 praeter

159 1565 247 1583 augustae
255 1563 314 1583 gentis
323 1563 400 1583 origines
409 1568 487 1584 eousque
497 1563 574 1579 incertas

158 1597 196 1608 rem
200 1593 332 1613 diplomaticam
337 1592 443 1609 Germaniae
450 1593 474 1609 ibi
481 1593 574 1614 plurimum

613 402 742 419 dilucidaverit.
751 403 870 419 Adversarius
875 405 941 424 autem,
948 403 986 419 fam
992 408 1030 419 om-

613 432 666 448 nibus
681 433 755 449 eruditis
771 433 867 454 communi,
883 433 942 454 plures
958 438 1029 454 quoque

613 466 676 479 nactus
681 466 713 484 est,
718 464 824 484 praesertim
827 464 916 480 Murensis
922 464 940 480 in
945 464 1028 480 Helvetia

613 494 696 510 asceterii
704 495 789 515 alumnos,
797 494 847 511 cuius
853 497 894 510 acta
900 495 947 511 circu
953 495 1028 511 eandem

614 524 737 545 genealogiam
747 524 765 541 in
775 525 848 541 dubium
856 525 932 541 vocavit.
946 525 1029 541 Praecla-

613 555 683 571 rissimo
696 555 736 571 huic
750 555 800 576 operi
813 557 877 576 postea
888 555 954 571 adiecit
967 560 1028 572 monu-

613 587 673 601 menta
689 585 752 601 domus
765 585 912 607 Habsburgicae,
927 591 992 606 nempe
1005 586 1028 602 si-

613 616 656 637 gilla
669 615 769 637 principum
781 616 873 637 Austriae,
886 617 1028 633 nummothecasn

614 649 632 662 et
639 646 773 667 pinacothecam
782 647 804 662 de
813 647 880 663 eisdem
886 652 926 663 cum
932 648 1028 668 taphug-ra-

613 677 656 697 pbia
668 682 700 693 seu
711 677 828 693 monumentis
841 677 978 698 sepulcralibus,
990 677 1028 698 qui-

613 707 647 723 bus
657 708 714 723 abbas
724 707 812 723 Martinus
821 707 898 724 Gerbert
908 707 989 724 adiunxit
999 712 1028 724 co-

613 738 671 754 dicem
677 738 792 759 epistularem
797 738 890 759 Rudolpbi
894 738 907 754 1.
914 738 964 759 Quae
969 743 1028 759 sump-

613 771 665 785 tuosa
675 774 731 789 opera
739 769 790 790 typis
799 769 864 789 partim
872 769 1027 790 Friburgensibus,

613 799 678 820 partim
686 799 818 816 Viennensibus
830 801 848 815 et
859 799 998 816 San-Blasianis
1010 799 1027 816 in

613 830 671 846 lucem
681 830 789 850 prodierunt.
801 830 882 846 Viennae
892 830 950 846 adhuc
962 827 1028 846 consti-

613 863 662 876 tutus
672 863 690 876 et
698 861 720 876 de
728 861 798 876 edenda
804 861 821 876 in
828 860 919 881 publicum
925 860 1027 877 monasterii

613 891 738 907 San-Blasiani
745 891 819 907 historia
825 891 915 912 sol-licitus,
924 891 941 907 in
950 891 1028 912 origines

613 921 692 937 eiusdem
700 926 733 942 pro
739 926 771 937 sua
777 921 795 937 in
800 921 889 937 historicis
895 922 959 942 peritia
965 922 1027 938 sedulo

613 952 712 972 inquisivit,
726 953 772 968 bene
785 952 856 971 omnino
869 952 974 973 arbit-ratus,
988 952 1026 968 istis

613 983 668 998 semel
676 983 751 998 detectis
761 983 808 999 haud
818 983 892 998 arduum
900 988 933 999 nec
941 983 1027 999 coenobio

613 1018 627 1029 s.
635 1013 691 1029 Blasii
699 1013 793 1034 inglorium
801 1013 844 1034 fore,
852 1014 940 1034 integram
947 1013 1026 1029 eiusdem
1035 1023 1039 1027 .

613 1044 704 1060 historiam
713 1044 823 1064 concinnare,
836 1044 885 1060 cuius
896 1044 936 1060 libri
947 1044 1026 1060 ordinem

614 1077 632 1090 et
643 1074 735 1090 materiam
747 1074 785 1095 ipse
798 1074 886 1095 disposuit
897 1075 914 1090 in
928 1077 1026 1095 conspectu

614 1105 655 1121 novi
661 1105 721 1126 operis
727 1105 749 1121 ad
756 1105 866 1121 monasticon
870 1104 1026 1123 San-Blasianum:

614 1140 675 1151 verum
688 1135 747 1156 operis
761 1135 815 1151 editio
826 1135 880 1151 variis
892 1141 915 1151 ex
927 1136 985 1151 causis
999 1138 1027 1151 est

613 1166 718 1182 intermissa.
730 1166 788 1182 Scena
796 1171 854 1182 rerum
864 1166 882 1182 in
891 1166 932 1182 aula
943 1171 1026 1182 caesarea

613 1197 646 1212 sub
653 1196 748 1212 Francisco
754 1196 846 1217 Stephano
853 1201 930 1217 caesare,
939 1199 957 1212 et
963 1201 1026 1218 regno—

613 1232 651 1243 rum
659 1227 743 1243 Austriae
753 1230 861 1248 cunregente
871 1227 944 1243 multum
953 1229 1026 1247 mutata,

613 1263 688 1278 cumque
697 1257 767 1273 ordines
778 1263 809 1273 seu
819 1259 877 1273 status
888 1257 980 1274 anterioris
989 1257 1026 1273 Au-

613 1288 672 1308 striae,
684 1293 758 1309 quorum
767 1288 840 1309 negotia
848 1288 920 1304 iunctim
929 1288 1026 1309 quaerebat

613 1319 740 1339 Marquardus,
754 1319 800 1335 inter
813 1323 853 1335 sese
864 1319 944 1340 graviter
955 1319 1026 1335 collide-

613 1352 678 1370 rentur,
684 1349 754 1365 Vienna
760 1349 785 1365 ilii
793 1350 925 1365 abscedendum
932 1352 950 1365 et
956 1350 1026 1365 domum

613 1380 727 1396 remeandum
732 1380 770 1400 fuit,
777 1385 823 1396 anno
831 1385 876 1400 1749,
881 1380 973 1396 Meinrado
979 1380 1027 1400 prin-

614 1410 654 1431 cipe
662 1411 684 1426 ad
693 1411 762 1426 clavum
771 1411 849 1430 sedente,
857 1415 868 1426 a
874 1415 914 1431 quo,
923 1410 948 1426 uti
957 1415 967 1426 a
975 1415 1026 1430 prae-

614 1441 707 1457 decessore
714 1440 815 1456 Cuelestino
821 1441 838 1456 in
845 1440 904 1456 officio
909 1441 958 1456 vices
964 1445 1027 1461 geren-

613 1471 636 1487 tis
645 1471 763 1491 confirmatus,
771 1473 789 1487 et
797 1471 911 1491 praepositus
918 1471 936 1487 in
944 1471 1027 1486 Krotzin·

613 1507 649 1522 gen
657 1501 747 1517 institutus
754 1504 786 1522 est,
794 1501 824 1517 ubi
831 1504 902 1522 praeter
907 1501 967 1517 studia
973 1501 1026 1517 etiam

614 1537 657 1553 apes
666 1535 684 1548 et
691 1537 750 1548 moros
756 1532 821 1552 colens,
829 1532 922 1553 hospitalis
928 1535 946 1548 et
952 1537 1027 1553 genero-

614 1567 649 1583 sus,
657 1563 674 1578 in
683 1563 730 1578 bona
737 1565 830 1578 senectute
838 1563 914 1579 adversa
921 1563 980 1579 adbuc
987 1567 1027 1584 per-

592 1609 594 1612 ,
613 1598 677 1614 pessus
685 1593 766 1610 mortalia
775 1593 847 1614 reliquit
857 1593 886 1609 die
896 1593 959 1615 9.¹Oct.
969 1593 1027 1615 ipsius

898 1623 914 1635 ²⁴
