4252 6112
944 479 1174 546 ..8-

188 681 393 765 imperatori
416 682 493 763 regi
515 681 884 764 Austro-Hungariae,
908 681 937 742 F
939 702 1018 744 ran-

190 805 284 867 cisco
312 805 466 886 Iosepho
492 804 517 866 Ι.
551 804 719 865 abbatem
747 804 951 886 generalem
983 815 1019 866 et

189 926 496 1007 arehiepiscopum
505 925 707 988 Aristacem
720 945 824 988 cruce
834 926 956 988 maiori
965 945 1019 987 or-

190 1048 282 1110 dinis
296 1049 349 1110 sui
362 1068 513 1111 coronae
526 1048 663 1111 ferreae
676 1048 896 1131 distinguere
910 1059 946 1110 et
958 1049 1018 1110 de-

191 1191 323 1234 corare.
340 1172 428 1234 Post
444 1182 517 1233 tam
532 1171 697 1253 faustum,
714 1171 872 1253 felixque
888 1171 1019 1234 festum

189 1294 285 1356 haud
301 1294 409 1376 longo
425 1303 585 1375 tempore
597 1296 860 1357 concedebatur
872 1312 1020 1375 congre·

191 1416 327 1498 gationi
347 1416 791 1480 Mechith.Vindobonensi
812 1415 1021 1478 excellentis

191 1539 246 1600 sui
277 1539 447 1602 antistitis
478 1540 682 1621 praesentia
711 1540 791 1603 frui.
840 1539 931 1602 Nam
963 1538 1020 1600 die

192 1664 221 1722 6.
237 1660 323 1722 Maii
344 1664 422 1724 1855
442 1633 697 1724 illustrissimus
713 1664 826 1724 abbas
842 1660 1021 1745 generalis

192 1791 229 1842 et
244 1781 533 1864 archiepiscopus
550 1783 733 1846 Aristaees
750 1784 892 1865 placida
908 1792 1021 1845 morte

193 1921 213 1963 e
229 1903 321 1964 vivis
338 1906 547 1966 excedebat.

281 2022 402 2106 Opera
437 2026 595 2089 eiusdem
631 2027 855 2090 illustrissimi
890 2027 1021 2089 domini

192 2146 351 2209 abbatis:

278 2267 420 2331 Nullum
445 2271 586 2352 quidem
612 2290 716 2352 opus,
744 2271 847 2334 huius
871 2272 1022 2353 praelati

193 2391 332 2452 nomine
350 2411 522 2472 expresso
539 2392 635 2475 typis
652 2393 795 2474 editum,
812 2393 944 2456 existit.
961 2394 1021 2455 Ni-

193 2512 379 2575 hilominus
395 2524 524 2575 norunt
544 2514 647 2576 amici
663 2534 743 2577 cum
759 2517 883 2577 eodem
900 2515 1023 2577 intima

193 2632 430 2697 familiaritate
447 2636 623 2698 coniuncti
644 2637 819 2718 genuinas
836 2637 911 2699 eius
926 2639 1022 2700 lucu-

194 2755 374 2818 brationes
391 2776 486 2820 esse:

266 2900 302 2956 1.
325 2902 413 2976 Opus
434 2903 462 2956 in
482 2902 584 2977 lingua
601 2902 781 2960 Germanica
797 2906 877 2980 typis
894 2904 1022 2960 editum:

194 3003 251 3058 Die
264 3005 435 3080 Erziehung
452 3008 489 3062 im
503 3006 608 3063 Geiste
621 3007 674 3064 des
686 3008 936 3065 Christenthums.
954 3010 1024 3084 Ipse

194 3121 288 3164 totum
317 3109 374 3165 hoe
406 3129 483 3186 opus
515 3113 543 3166 in
572 3112 673 3186 lingua
699 3113 802 3170 Italica
832 3115 1022 3189 conseripsit,

193 3231 340 3288 suumque
351 3216 585 3291 manuscriptum
599 3236 653 3292 per
664 3219 757 3274 virum
772 3220 801 3274 in
810 3220 901 3275 variis
914 3219 1023 3293 linguis

196 3319 333 3392 apprime
348 3332 499 3376 versatum
521 3322 550 3375 in
571 3319 700 3395 linguam
719 3321 929 3379 Germanicam
946 3323 1023 3379 verti

195 3419 275 3477 feeit.
289 3421 404 3478 Etcum
415 3423 671 3481 hane1·ersionem
684 3426 712 3480 in
722 3425 844 3483 Austria
853 3429 933 3503 typis
942 3445 1023 3483 man·

195 3524 266 3580 dare
275 3528 421 3600 nequiret,
431 3526 502 3583 alibi
515 3530 630 3585 curavit
639 3549 703 3585 eam
713 3532 741 3585 in
755 3531 851 3588 lucem
865 3532 921 3588 edi.
933 3533 1022 3606 1839.

282 3630 319 3686 ΙΙ.
342 3630 431 3687 Aliud
448 3633 625 3708 opuseulum
642 3632 680 3689 ab
698 3634 802 3691 eodem
824 3636 1024 3693 illustrissimo

196 3734 316 3790 domino
338 3737 366 3790 in
381 3736 485 3794 Italico
502 3757 641 3794 sermone
657 3742 861 3815 conscriptum
878 3744 953 3797 etin
970 3742 1023 3797 lin-

195 3857 285 3911 guam
306 3837 516 3896 Germanicam
541 3843 715 3899 translatum
743 3847 883 3920 typisque
914 3845 1023 3901 editum

197 3941 385 3999 inscribitur:
411 3945 551 4001 Entwurl
570 3965 606 4001 zu
627 3948 723 4003 einem
740 3946 880 4024 Systeme
900 3949 946 4005 fiir
966 3949 1025 4006 den

198 4046 529 4120 Religionsunterrieht.
547 4050 622 4106 Vom
635 4051 795 4108 Verfasser
812 4052 864 4110 des
878 4055 1023 4111 Werkes:

197 4150 368 4224 Erziehung
393 4153 430 4206 im
452 4152 557 4208 Geiste
577 4153 630 4210 des
652 4155 900 4213 Christenthums
925 4157 1024 4226 wien,

197 4255 608 4314 Mechith.-Buehdruekerei.
630 4258 719 4331 1853.

285 4359 338 4414 III.
363 4360 396 4414 In
413 4360 521 4416 Latina
541 4361 643 4436 lingua
658 4363 749 4419 edidit
765 4365 953 4439 opusculum,
978 4368 1025 4422 eui

198 4463 301 4518 titulus
321 4477 381 4520 est:
406 4465 451 4520 De
472 4467 533 4520 vita
549 4469 697 4522 communi
718 4468 854 4542 perfecta
870 4471 1025 4544 utriusque

198 4568 409 4641 religiosorum
431 4588 531 4626 sexus.
555 4569 603 4626 Ab
619 4571 655 4627 A.
672 4571 708 4628 A.
727 4572 764 4628 G.
786 4569 815 4649 (i.
838 4592 863 4628 e.
885 4572 1025 4629 Aristaee

198 4671 309 4729 abbate
326 4670 482 4751 generali).
505 4674 647 4765 Viennae,
665 4678 744 4751 typis
760 4677 872 4751 Congr.
884 4678 1024 4735 Mechith.

203 4776 293 4850 1854.

284 4942 451 5016 Baader
476 4954 641 5016 Marcus
666 4953 1025 5041 (San-Blasianus,

200 5082 347 5151 postea
383 5070 724 5152 San-Paulanus).
760 5071 874 5135 Natus
906 5081 960 5135 est
989 5073 1025 5135 in

201 5190 387 5273 Lbffingen
414 5194 448 5256 in
471 5212 601 5274 magno
630 5194 760 5255 ducatu
784 5193 940 5256 Badensi
969 5194 1026 5256 die

205 5333 231 5373 1.
256 5311 358 5375 Mart.
387 5318 482 5394 175²?
513 5335 540 5377 1.
564 5315 687 5378 habitu
711 5316 855 5378 indutus
880 5317 915 5379 in
943 5317 1026 5379 divo

201 5433 321 5496 Blasio
337 5435 393 5497 die
406 5440 434 5498 8.
448 5434 526 5500 Oct.
545 5456 640 5516 1771;
661 5438 877 5501 sollemniter
891 5437 1027 5520 profes·

1098 701 1159 744 sus
1183 681 1240 743 die
1268 686 1297 744 6.
1318 681 1394 743 Iun.
1423 685 1518 761 1773;
1548 679 1750 743 sacerdotio
1772 679 1931 742 initiatus

1099 804 1156 866 die
1173 824 1198 866 1.
1212 806 1287 867 Iun.
1305 808 1395 883 1776.
1414 803 1664 885 Philosophiae
1680 814 1717 865 et
1728 802 1932 885 theologiae

1099 926 1226 988 studiis
1241 926 1277 988 in
1295 926 1377 989 divo
1393 925 1514 988 Blasio
1530 924 1696 1007 peractis,
1713 933 1750 987 et
1766 925 1815 986 ad
1831 942 1932 986 omne

1098 1069 1189 1132 opus
1200 1051 1332 1112 bonum
1343 1049 1546 1131 instructus,
1563 1068 1669 1110 curae
1681 1067 1766 1110 mox
1778 1057 1817 1109 et
1829 1047 1933 1111 saluti

1099 1172 1293 1234 animarum
1309 1171 1520 1253 applicatus,
1536 1170 1714 1252 parochiis
1727 1170 1933 1232 successive

1099 1294 1326 1376 praepositus
1339 1302 1395 1356 est
1406 1312 1477 1356 non
1490 1293 1604 1355 minus
1614 1297 1643 1355 8.
1652 1292 1802 1374 Hasque
1817 1312 1934 1354 emen-

1100 1435 1160 1478 sus
1168 1415 1520 1498 omneS,constitutus
1529 1414 1933 1496 exinsuperiorinMen·

1100 1559 1186 1623 gen,
1207 1538 1303 1620 prior
1325 1538 1361 1600 in
1381 1535 1581 1619 Oberriedt,
1607 1537 1764 1600 decanus
1791 1538 1932 1599 demum

1100 1662 1136 1725 in
1153 1680 1179 1724 s.
1193 1660 1314 1723 Blasio
1330 1679 1395 1743 per
1411 1678 1523 1721 annos
1539 1659 1674 1740 aliquot
1687 1659 1781 1720 hanc
1799 1658 1866 1720 sibi
1883 1658 1932 1720 ul·

1101 1785 1187 1848 timo
1204 1785 1452 1846 demandatam
1469 1782 1697 1865 provinciam,
1719 1789 1804 1863 post
1822 1780 1931 1842 diram

1103 1926 1244 1990 quoque
1260 1906 1422 1968 coenobii
1439 1916 1475 1967 et
1494 1902 1784 1987 congregationis
1806 1923 1834 1963 s.
1852 1902 1931 1963 Bla-

1101 2031 1143 2092 sii
1157 2029 1423 2092 dissolutionem
1440 2047 1460 2090 e
1472 2027 1669 2109 patriisque
1683 2025 1838 2087 Laribus
1850 2024 1930 2086 emi·

1101 2153 1309 2237 grationem,
1342 2151 1447 2213 etiam
1474 2151 1509 2212 in
1537 2169 1563 2213 s.
1591 2149 1712 2229 PaulO,
1742 2146 1931 2229 parochiae

1102 2296 1186 2340 eura
1212 2285 1362 2356 auctam,
1390 2274 1556 2355 retinenS,
1588 2281 1742 2353 strenue,
1770 2271 1929 2352 impigre,

1101 2397 1371 2481 vigilantissime
1395 2394 1662 2474 administravit,
1690 2413 1771 2455 eum
1795 2391 1930 2476 ingenti

1102 2520 1310 2603 disciplinae
1337 2518 1554 2581 monasticae
1577 2525 1614 2579 et
1637 2514 1930 2597 parochianorum

1103 2644 1348 2723 emolument0,
1371 2640 1484 2703 forma
1508 2639 1625 2702 factus
1644 2637 1767 2721 gregis
1793 2656 1841 2741 (ἐκ
1861 2635 1930 2698 ani·

1102 2786 1168 2829 mo.
1198 2767 1330 2828 Aetate
1353 2765 1503 2844 demum,
1527 2761 1708 2823 laboribus
1737 2768 1773 2822 et
1798 2760 1931 2821 viribus

1101 2889 1236 2952 fractus
1256 2888 1314 2949 die
1335 2891 1385 2950 26.
1408 2884 1486 2949 Oct.
1507 2888 1585 2947 1822
1608 2882 1851 2965 placidissime
1874 2883 1933 2944 ob

1103 3011 1268 3075 dormivit
1283 3010 1319 3072 in
1335 3008 1486 3071 domino,

1189 3135 1219 3197 T
1221 3133 1302 3217 ypis
1317 3131 1468 3214 imprimi
1484 3130 1584 3193 feeit:

1189 3262 1211 3317 I.
1233 3259 1372 3316 Andaeht
1387 3277 1444 3314 vor
1463 3258 1529 3313 dem
1551 3256 1710 3331 heiligsten
1726 3254 1937 3311 Altarssaera·

1102 3379 1192 3423 ment.
1217 3361 1246 3442 (i.
1264 3383 1290 3420 e.
1313 3365 1366 3420 Pia
1384 3363 1507 3419 devotio
1528 3359 1565 3416 ad
1590 3360 1812 3417 sanctissimum
1833 3378 1937 3416 saera·

1103 3467 1255 3549 mentum.)
1275 3466 1463 3542 Klagensurt,
1479 3464 1628 3540 gedruekt
1642 3462 1691 3520 bei
1706 3464 1826 3540 Johann
1838 3464 1938 3521 Leon.

1108 3574 1197 3634 1818.
1215 3573 1258 3631 8⁰.
1280 3571 1336 3645 185
1355 3591 1385 3648 p.

1190 3680 1228 3735 ΙΙ.
1246 3678 1385 3752 Dreissig
1400 3675 1641 3748 Betraehtungen
1658 3671 1733 3728 fiber
1747 3673 1804 3729 das
1820 3673 1940 3730 Leiden

1104 3786 1172 3842 Iesu
1193 3783 1313 3840 Christi.
1338 3777 1367 3858 (i.
1389 3800 1415 3835 e.
1441 3778 1651 3835 Meditationes
1671 3791 1713 3849 3ο
1733 3776 1770 3832 de
1791 3780 1940 3852 passione

1105 3885 1245 3966 Domini.)
1269 3888 1301 3961 a)
1317 3887 1371 3942 Mit
1387 3885 1440 3940 der
1456 3883 1639 3940 Geschiehte
1659 3901 1713 3938 aus
1729 3881 1783 3938 der
1804 3882 1940 3957 heiligen

1105 3993 1231 4060 Schrilt;
1249 3991 1280 4066 b)
1296 3993 1347 4047 mit
1363 3990 1420 4046 den
1437 3988 1599 4044 sehbnsten
1616 3987 1675 4042 und
1691 3986 1940 4043 auserlesensten

1104 4097 1329 4161 Lehrstdekem
1351 4097 1379 4169 c)
1395 4095 1447 4149 mit
1467 4092 1541 4148 dazu
1558 4090 1766 4165 anpassenden
1784 4089 1941 4155 Cebetem,

1104 4238 1147 4246 -
1167 4214 1274 4258 sammt
1294 4198 1465 4274 doppeltem
1482 4196 1638 4269 Anhange.
1667 4192 1858 4268 Klagenlurt.
1884 4214 1941 4270 ge·

1105 4307 1213 4364 druekt
1228 4304 1276 4361 bei
1293 4304 1411 4380 Johann
1427 4301 1522 4356 Leon.
1545 4297 1634 4355 1818.
1652 4297 1695 4354 8⁰.
1712 4311 1773 4369 342
1793 4317 1823 4373 p.

1191 4448 1407 4535 Babikian,
1453 4455 1766 4518 illustrissimus
1812 4456 1941 4518 domi-

1105 4600 1180 4643 nus
1196 4578 1441 4641 Adeodatus
1459 4574 1814 4657 (Mechitharista).
1830 4573 1942 4637 Dsul·

1103 4702 1162 4765 fae
1179 4704 1230 4784 (.--
1248 4699 1451 4781 Tsehugha)
1475 4699 1510 4760 in
1530 4697 1654 4759 Persia
1679 4715 1772 4758 anno
1802 4701 1884 4776 1788
1897 4699 1941 4779 (Ρ)

1104 4835 1218 4905 natus.
1257 4823 1320 4885 Ille
1347 4830 1402 4884 est
1428 4841 1518 4883 unus
1545 4840 1592 4882 ex
1618 4819 1780 4901 patribus
1802 4819 1941 4884 Mechi-

1105 4947 1270 5027 tharistis,
1299 4945 1358 5026 qui
1382 4964 1421 5006 se
1444 4963 1536 5006 anno
1564 4949 1642 5023 1773
1667 4942 1831 5005 Venetiis
1854 4961 1941 5005 eon-

1104 5070 1260 5133 tulerunt
1280 5067 1453 5149 Tergeste
1470 5075 1506 5129 et
1522 5064 1845 5147 Congregationem
1861 5064 1941 5127 Me·

1105 5190 1380 5254 chitharisticam
1407 5189 1653 5271 Tergestinam
1684 5186 1938 5250 fundaverunt.

1106 5315 1211 5377 Anno
1232 5316 1313 5375 1800
1329 5312 1490 5375 dominus
1506 5311 1717 5373 Adeodatus
1732 5328 1799 5392 per
1815 5309 1940 5373 deere-

1107 5445 1180 5499 tum
1202 5437 1253 5515 (²
1278 5436 1400 5516 breve)
1431 5433 1556 5496 summi
1581 5428 1758 5515 pontificis
1780 5431 1836 5494 Pii
1855 5431 1938 5495 VH.
