4252 6112
922 475 1205 545 „300-

194 658 441 742 capitularium
457 657 682 723 Scotensium
697 657 1022 741 peregrinationem
1059 661 1063 724 l
1101 665 1186 719 vota
1202 656 1318 721 emisit
1335 658 1521 721 sollemnia
1537 678 1587 738 27.
1603 659 1692 722 Maii
1712 662 1804 722 1860
1821 668 1862 722 et
1880 659 1954 741 pri·

192 781 373 865 religionis
390 801 499 844 causa
521 782 610 844 ads
627 780 763 844 Mariae
780 781 970 865 imaginem
986 782 1022 846 in

192 904 373 968 Mariazell
390 903 558 986 suscepit,
575 903 729 986 stipatus
745 924 875 987 magna
891 905 1021 968 civium

192 1026 523 1095 Vindobonensium
540 1026 779 1100 multitudine;
796 1028 892 1110 quod
909 1048 1021 1111 usque

192 1150 308 1213 adhuc
329 1149 481 1231 septimo
503 1168 645 1231 quoque
660 1169 754 1212 anno
769 1153 1021 1233 peragebatur.

197 1276 277 1334 1806
293 1290 378 1333 vero
394 1273 508 1333 abbas
524 1290 604 1334 eum
621 1273 811 1353 parochiae
834 1272 870 1335 in
886 1271 1021 1356 Campo

192 1391 380 1457 Scotorum
407 1363 591 1475 praefecit.
626 1391 714 1456 Cum
739 1393 868 1456 deinde
896 1399 973 1457 1811
1000 1415 1022 1457 a

192 1535 313 1579 mense
332 1515 448 1597 Aprili
464 1534 576 1598 usque
593 1517 640 1578 ad
662 1536 709 1595 19.
726 1515 804 1581 Oct.
818 1518 1021 1598 parochiam

191 1637 227 1701 in
243 1636 456 1722 Eggendorf
475 1636 770 1719 administrasset,
794 1640 937 1702 tandem
959 1660 1021 1722 pa·

191 1762 319 1824 rochus
331 1759 447 1823 factus
464 1768 520 1822 est
533 1760 568 1823 in
580 1757 866 1842 Stammersdorf,
881 1761 937 1824 cui
948 1782 1021 1825 mu·

191 1882 268 1946 neri
289 1883 520 1946 saluberrime
544 1902 609 1965 per
636 1887 671 1945 18
696 1902 808 1946 annos
831 1893 936 1967 gesto
960 1883 1022 1948 im·

191 2016 350 2068 mortuus
368 2015 423 2069 est
441 2024 469 2084 7.
486 2005 561 2069 Iun.
583 2010 674 2069 1830.

279 2143 393 2227 Typis
410 2143 537 2207 edidit:

278 2288 301 2345 I.
318 2286 578 2346 Unverwerlliche
590 2289 757 2362 Zeugnisse
771 2289 829 2346 und
839 2289 1024 2347 Denkmaler

193 2390 239 2448 hir
258 2391 307 2448 die
323 2389 561 2449 Brauchbarkeit
578 2391 632 2449 der
646 2391 798 2450 Schriften
818 2393 873 2451 der
892 2394 1022 2470 heiligen

192 2497 286 2554 Vater
310 2499 362 2552 mit
383 2496 550 2552 Riicksicht
574 2495 628 2553 aul
648 2496 705 2553 den
729 2498 921 2555 dffentlichen
942 2500 1023 2556 Reli·

191 2600 456 2676 gionsunterricht.
473 2598 503 2679 (i.
517 2619 544 2657 e.
557 2601 746 2658 Testimonia
762 2621 786 2659 s.
799 2616 917 2679 patrum
930 2606 958 2660 in
974 2622 1022 2660 rc-

194 2706 305 2780 ligione
327 2703 448 2781 publice
468 2705 612 2762 tradenda
633 2704 803 2763 adhibenda
818 2706 909 2786 esse.)
930 2723 941 2764 1
961 2708 1021 2766 vol.

192 2807 236 2868 8⁰.
252 2811 397 2876 Viennae,
417 2800 507 2884 1795,
524 2813 603 2887 typis
620 2810 643 2866 Ι.
658 2810 716 2867 Τ11.
734 2809 804 2868 nob.
822 2811 859 2868 de
868 2812 1021 2870 Trattner.

278 2931 316 2988 11.
334 2930 501 2988 Geistliche
517 2933 761 3007 Betrachtungen
778 2932 853 2991 tiber
868 2935 1022 2991 verschie-

191 3035 268 3092 dene
284 3035 481 3092 Wahrheiten
502 3036 556 3093 des
573 3037 686 3095 Heiles
711 3034 740 3115 (1.
762 3056 789 3094 e.
810 3038 1021 3096 Meditationes

192 3140 230 3197 de
245 3142 338 3196 variis
360 3140 464 3197 salutis
480 3139 730 3219 quaestionibus.)
757 3157 767 3198 1
788 3143 848 3200 vol.
870 3142 912 3200 8⁰.
930 3144 1021 3201 Vien-

191 3263 258 3310 nae,
280 3243 370 3313 1802,
388 3259 498 3322 sumpt.
516 3246 638 3322 losephi
655 3246 751 3303 Riedl.

278 3366 331 3423 Ill.
348 3366 446 3442 Typis
463 3385 557 3442 porro
575 3367 726 3424 mandavit
743 3370 906 3426 conciones
922 3370 1020 3426 diver-

191 3489 255 3528 sas:
280 3472 348 3529 Von
364 3470 421 3527 den
437 3471 582 3527 Pllichten
599 3471 652 3527 der
668 3472 840 3547 Glaubigen
857 3492 957 3548 gegen
973 3474 1021 3531 die

191 3577 333 3633 Priester.
351 3572 416 3653 (Or.
431 3573 552 3652 primit.)
569 3575 712 3643 Viennae,
728 3591 818 3651 1797,
832 3580 912 3654 typis
924 3579 947 3635 I.
962 3579 1020 3635 Th.

191 3678 262 3737 nob.
279 3679 316 3737 de
328 3679 483 3736 Trattner.
497 3713 540 3724 -
552 3680 636 3737 Rede
652 3699 712 3736 von
725 3680 782 3738 den
799 3679 1020 3756 eingebildeten

192 3784 408 3841 Hindemissen
434 3783 488 3840 der
510 3784 764 3858 gewissenhaiten
788 3785 846 3841 und
874 3787 1021 3844 christen·

192 3888 351 3963 wurdigen
368 3888 581 3963 Verwendung
605 3888 659 3945 der
682 3888 790 3945 Gaben
813 3890 872 3946 und
896 3889 1022 3947 Gnaden

93 3988 100 4003 '
191 3992 303 4050 Gottes
328 4013 380 4050 zur
404 3993 568 4067 Heiligkeit
590 3992 647 4049 und
670 3991 832 4068 Seligkeit;
857 4013 904 4050 arn
928 3995 1022 4052 Feste

191 4097 245 4154 des
269 4097 397 4172 heiligen
418 4097 558 4173 Leopold
582 4118 617 4153 zu
640 4097 909 4174 Klosterneuburg.
931 4100 1021 4155 Vien-

192 4221 257 4267 nae,
280 4200 369 4268 1801,
392 4204 471 4277 typis
494 4203 516 4257 l.
534 4199 603 4258 nob.
622 4201 659 4257 de
675 4202 829 4259 Trattner.
855 4236 898 4245 -
922 4202 1022 4261 Ueber

192 4305 249 4362 den
262 4305 377 4361 Nutzen
394 4306 453 4361 und
467 4306 574 4362 Werth
587 4306 642 4361 der
654 4305 962 4380 Ordensgeistlichen,
975 4326 1022 4365 am

191 4411 282 4466 Feste
299 4410 352 4465 des
367 4410 435 4466 heil.
445 4411 556 4467 Vaters
567 4410 756 4467 Benedictus.
774 4412 916 4479 Viennae,
931 4411 1021 4479 1802,

193 4512 273 4590 apud
295 4513 406 4590 Ioseph
432 4513 531 4570 Riedl.
555 4546 598 4554 —
621 4514 688 4570 Von
708 4515 765 4570 den
782 4516 942 4589 Vorziigen
958 4516 1022 4571 Ma-

191 4620 281 4675 riens.
313 4617 462 4675 Gehalten
488 4636 535 4674 am
561 4619 705 4692 Festtage
730 4619 809 4675 ihrer
832 4619 1022 4694 glorreichen

192 4723 411 4781 Himmelfahrt.
429 4723 573 4787 Viennae,
592 4721 682 4795 1804,
700 4725 779 4798 typis
792 4725 814 4780 l.
829 4723 886 4781 Th.
900 4724 971 4782 nob.
985 4725 1022 4782 de

192 4827 347 4885 Trattner.
360 4861 403 4870 -
418 4826 561 4884 Lobrede
575 4827 628 4883 auf
638 4826 685 4882 die
699 4827 766 4883 heil.
776 4827 894 4902 Angeia
907 4829 1020 4896 Merici,

191 4931 329 4990 Stiiterin
346 4931 400 4989 der
416 4931 621 4989 Gesellschaft
640 4931 694 4988 der
710 4931 777 4987 heil.
795 4932 913 4990 Ursula.
930 4933 1021 4990 Vien-

191 5058 257 5106 nae,
280 5035 370 5104 1808,
387 5039 466 5113 typis
482 5037 604 5114 losephi
622 5036 764 5093 Tendler.

278 5167 501 5242 Millwlsch
533 5180 798 5262 Augustinus
829 5179 1021 5260 (Admon-

1102 798 1159 841 mo
1175 779 1275 842 stetit
1290 782 1336 843 ad
1353 801 1450 843 aram
1467 786 1517 844 26.
1534 782 1598 846 Iul.
1616 786 1708 865 1860,
1724 802 1778 846 ex
1792 802 1871 864 quo
1889 803 1951 845 an·

1102 921 1147 963 no
1164 922 1249 964 cura
1269 903 1463 968 animarum
1484 918 1682 987 occupatus
1703 905 1743 969 in
1765 907 1948 988 parochia

1101 1042 1127 1084 s.
1144 1022 1340 1105 Michaelis,
1362 1026 1565 1109 Kallwang,
1585 1027 1758 1111 Ardning
1783 1038 1822 1092 et
1843 1042 1947 1110 post·

1100 1164 1197 1208 remo
1217 1145 1254 1209 in
1275 1146 1452 1211 Gaishorn
1474 1161 1654 1231 pastorem
1678 1150 1760 1234 agit
1783 1151 1946 1215 indefes·

1101 1286 1188 1350 sum,
1206 1290 1235 1334 c.
1247 1289 1274 1332 r.
1291 1269 1403 1334 musei
1415 1270 1705 1336 Vindobonensis
1716 1292 1787 1355 pro
1799 1274 1945 1338 artibus

1102 1400 1138 1454 et
1161 1390 1336 1454 industria
1358 1391 1513 1456 fovenda
1537 1396 1844 1477 correspondenS,
1870 1416 1942 1460 soc.

1101 1513 1148 1574 ad
1157 1522 1269 1575 artem
1279 1514 1506 1577 christianam
1518 1518 1802 1598 promovendam
1816 1528 1858 1581 et
1870 1538 1941 1582 soc.

1101 1653 1129 1696 s.
1146 1633 1323 1698 Caeciliae
1340 1636 1472 1700 sodalis
1489 1639 1636 1701 activus,

1188 1761 1212 1817 1.
1229 1762 1287 1818 Die
1299 1760 1550 1820 Sonnwendleier
1561 1766 1600 1820 im
1613 1763 1858 1823 Oberennsthal.
1872 1765 1902 1845 (i.
1915 1785 1941 1824 e.

1102 1864 1295 1922 Sollemnitas
1315 1865 1482 1945 brumalis.)
1503 1867 1619 1925 Grazer
1635 1867 1825 1937 Volksblatt,
1849 1869 1940 1929 1868.

1189 1971 1226 2027 ΙΙ.
1244 1970 1346 2028 Ueber
1361 1971 1409 2028 die
1426 1972 1666 2029 Kirchenstdhle.
1685 1970 1714 2052 (i.
1728 1993 1757 2031 e.
1775 1975 1825 2031 De
1839 1975 1941 2033 sedili-

1102 2073 1159 2132 bus
1171 2077 1200 2131 in
1209 2073 1368 2153 ecclesiis.)
1384 2076 1771 2154 MiteinerKunstbeilage.
1789 2081 1941 2138 Kirchen·

1102 2179 1257 2245 schmuck,
1280 2178 1370 2254 1870.
1387 2181 1443 2238 No.
1461 2179 1490 2238 8.

1189 2284 1240 2340 Ill.
1263 2285 1327 2340 Der
1342 2287 1371 2340 in
1387 2283 1441 2341 der
1457 2286 1570 2342 Kirche
1587 2306 1623 2342 zu
1640 2285 1816 2363 Grdbming
1833 2289 1941 2366 ausge-

1103 2386 1231 2444 lundene
1247 2389 1449 2446 Rdmerstein.
1467 2387 1496 2469 (i.
1511 2409 1537 2448 e.
1554 2391 1649 2467 Lapis
1666 2391 1826 2450 Romanus
1844 2396 1876 2450 in
1892 2413 1941 2452 ec·

1103 2491 1194 2548 clesia
1210 2490 1337 2572 Groeb.)
1354 2495 1469 2551 Histor.
1486 2494 1667 2562 Zeitschrift,
1685 2494 1780 2563 Graz,
1802 2497 1900 2573 1870.

1188 2597 1239 2654 IV.
1256 2597 1419 2672 Anleitung
1430 2618 1483 2655 zur
1493 2598 1661 2657 Aufnahme
1673 2618 1733 2657 von
1748 2600 1941 2677 plastischeo

1102 2702 1306 2760 Ornamenten
1322 2702 1381 2759 und
1396 2704 1586 2762 Inschriften.
1603 2701 1633 2783 (i.
1648 2723 1675 2761 e.
1693 2704 1740 2761 Ad
1758 2705 1943 2765 delineanda

1101 2821 1278 2864 ornamenta
1297 2808 1424 2884 plastica
1441 2822 1471 2866 et
1488 2811 1699 2886 inscriptiones
1716 2811 1941 2887 manuductio.)

1102 2912 1388 2979 Kirchenschmuck,
1411 2912 1501 2986 1874.

1187 3016 1223 3073 V.
1246 3017 1309 3073 Der
1329 3018 1489 3091 gothische
1505 3019 1529 3074 F
1532 3018 1690 3093 lligelaltar
1706 3021 1735 3075 in
1753 3020 1941 3098 Grobming.

1100 3116 1129 3195 (i.
1147 3140 1173 3178 e.
1190 3120 1252 3177 Ara
1274 3123 1302 3177 in
1323 3121 1390 3178 alae
1410 3122 1535 3179 formam
1558 3123 1683 3179 redacta
1698 3122 1940 3205 Groebmingii.)

1100 3226 1153 3281 Mit
1166 3225 1393 3301 Kunstbeilage.
1408 3227 1695 3296 Kirchenschmuck,
1710 3227 1803 3302 1876.
1814 3231 1878 3288 No.
1894 3246 1938 3288 10.

1151 3336 1940 3432 MitterWolfgangus(Seitenstadien·

1101 3465 1188 3546 sis),
1210 3465 1525 3548 Windischgarstii
1550 3467 1585 3529 in
1606 3467 1741 3548 oppido
1762 3468 1940 3533 Austriae

1101 3587 1294 3668 superioris
1310 3588 1367 3650 die
1385 3592 1434 3651 26.
1448 3588 1539 3652 Nov.
1557 3592 1636 3667 1758
1654 3598 1770 3651 natus.
1789 3587 1938 3654 Studio·

1100 3729 1176 3771 rum
1192 3710 1437 3772 humaniorum
1459 3711 1631 3773 curriculo
1653 3709 1784 3792 partim
1805 3712 1845 3775 in
1863 3711 1939 3777 Sei·

1101 3831 1271 3893 tenstadii
1283 3831 1413 3913 partim
1422 3830 1615 3895 Cremifani
1628 3832 1758 3894 scholis
1767 3835 1939 3899 absoluto

1102 3954 1158 4016 die
1183 3959 1211 4016 8.
1233 3955 1320 4017 Dec.
1348 3958 1427 4034 1778
1455 3956 1501 4015 ad
1524 3929 1633 4017 1111115ι
1647 3956 1874 4020 monasticae
1902 3977 1940 4020 se

1102 4075 1336 4138 conformavit
1352 4095 1509 4137 normam
1527 4085 1563 4138 et
1578 4075 1672 4137 votis
1693 4074 1751 4138 die
1775 4096 1828 4155 27.
1847 4078 1939 4143 Nov.

1107 4202 1183 4277 1782
1207 4198 1345 4260 emissis
1367 4198 1606 4260 sollemnibus.
1631 4197 1728 4260 Anni
1748 4202 1940 4281 sequentis

1102 4320 1159 4384 die
1176 4325 1204 4383 8.
1223 4319 1300 4384 Oct.
1317 4321 1396 4382 Deo
1413 4320 1647 4401 omnipotenti
1663 4341 1796 4403 agnum
1811 4322 1940 4387 imma·

1101 4444 1255 4506 culatum
1272 4443 1410 4505 obtulit.
1431 4443 1550 4505 Variis
1567 4443 1650 4505 etin
1663 4447 1888 4510 monasterio
1904 4458 1940 4510 et

1100 4565 1186 4628 foris
1202 4566 1406 4628 muneribus
1421 4565 1565 4628 functus
1578 4567 1819 4631 bibliothecae
1838 4570 1939 4633 dein-

1102 4690 1146 4749 de
1163 4697 1283 4750 custos
1300 4687 1514 4750 constitutus
1531 4698 1586 4750 est
1602 4687 1722 4770 ibique
1739 4708 1820 4751 cum
1840 4694 1940 4755 evol·

1100 4810 1226 4871 vendis
1243 4809 1357 4872 doctis
1373 4809 1609 4872 voluminibus
1630 4822 1704 4872 tum
1721 4812 1940 4895 colligendis

1100 4931 1256 5012 antiquis
1264 4931 1500 4993 monumentis
1509 4931 1725 4994 indefessam
1736 4943 1842 4996 tanto
1858 4957 1939 5000 cum

1099 5052 1217 5115 fructu
1234 5053 1333 5115 dedit
1348 5073 1504 5135 operam,
1526 5064 1565 5116 ut
1581 5054 1711 5137 dignus
1727 5055 1939 5141 haberetur,

1102 5195 1207 5256 quem
1225 5175 1290 5237 viri
1308 5175 1546 5257 eruditissimi,
1568 5177 1604 5239 in
1620 5177 1674 5239 his
1690 5176 1850 5241 Michael
1866 5181 1941 5245 De·

192 5296 355 5377 tensis),
373 5298 516 5361 natione
529 5296 645 5362 Stirus
662 5308 766 5360 natus
788 5319 834 5361 10.
848 5298 912 5362 Iul.
931 5303 1020 5378 1833,
1101 5297 1155 5360 nis
1183 5296 1347 5360 familiari
1371 5298 1600 5380 epistolarum
1625 5300 1839 5363 commercio
1870 5305 1942 5367 sibi

194 5415 319 5479 studiis
335 5417 371 5480 in
388 5421 473 5481 urbe
495 5420 611 5502 patria
632 5420 804 5482 absolutis
822 5421 1021 5483 Admontes
1058 5350 1062 5485 1
1101 5419 1331 5482 devincirent.
1345 5420 1499 5483 Penuria
1510 5422 1735 5484 sacerdotum
1744 5421 1782 5485 in
1790 5421 1942 5490 vineam
