4252 6112
920 500 1201 567 -349-

278 686 403 741 LXXII.
416 686 665 760 Martyrologium
673 685 1018 743 Benedictino·Bievno·

191 793 294 846 viensc
308 810 344 846 ex
357 789 425 846 cod.
439 791 494 847 Ills.
509 789 581 847 bibl.
591 790 931 865 AugViudobonensis
943 790 1017 847 Cod.

191 898 221 952 in
238 895 287 952 iol.
310 909 366 968 127
386 914 414 970 p.
432 893 516 969 Sign.
534 896 617 952 arch.
634 896 672 951 H.
690 895 708 951 l.
730 911 777 967 14.

277 1017 511 1075 LXXIII.Vitae
521 1031 638 1092 patrum
648 1017 837 1074 Graecorum
847 1019 930 1073 iussu
939 1018 1018 1073 Mar-

192 1123 242 1177 tini
268 1119 386 1177 abbatis
412 1140 430 1176 a
451 1122 614 1178 Paschasio
638 1124 666 1177 in
688 1123 827 1178 Latmum
850 1140 1018 1178 sermonem

192 1226 355 1282 translatae
377 1244 443 1281 cum
461 1228 686 1283 commentario.
712 1226 787 1283 Cod.
813 1229 843 1282 111
866 1232 908 1299 4⁰.
933 1223 1018 1300 Sign.

191 1331 272 1386 arch.
290 1331 327 1386 H.
347 1330 364 1385 l.
386 1345 432 1386 12.

278 1436 415 1492 LXXIV.
439 1435 586 1492 Collectio
611 1435 775 1491 litterarum
796 1453 849 1491 seu
871 1454 1018 1492 commer-

192 1542 268 1597 cium
286 1541 450 1596 litterarum
469 1540 506 1596 D.
524 1541 754 1596 Bonaventurae
771 1541 852 1596 Piter
868 1559 934 1596 cum
946 1542 1019 1597 viris

191 1645 298 1711 doctis,
316 1647 381 1700 eius
398 1663 553 1700 sermones
570 1645 761 1721 capitulares,
778 1662 873 1720 opera
888 1646 1020 1701 ascetica

192 1752 316 1815 minora,
334 1763 364 1805 et
376 1752 460 1805 varia
472 1762 615 1825 excerpta
628 1749 772 1806 historica
787 1768 867 1824 quae
883 1748 1019 1825 plumbus

192 1854 342 1910 fasciculis
359 1853 653 1930 comprehenduntur
669 1855 771 1910 variae
788 1853 912 1910 formae.
933 1851 1019 1928 Sign.

191 1960 271 2015 arch.
289 1960 323 2015 C.
341 1978 367 2014 e.
386 1974 436 2014 22.
453 1959 487 2015 C.
506 1957 524 2014 l.
547 1973 571 2025 1,
591 1974 620 2030 4,
637 1972 667 2031 5,
690 1972 736 2025 10,
758 1973 805 2026 11,
827 1973 874 2015 12.
891 1958 924 2015 C.
941 1979 971 2034 g.
994 1974 1019 2027 1,
1082 1987 1084 1991 ·

192 2079 220 2129 2,
237 2078 266 2134 3,
284 2078 400 2135 4—15.
417 2063 451 2119 C.
469 2063 496 2117 h.
520 2077 609 2133 1—3.

278 2184 399 2240 LXXV.
418 2185 513 2241 Vetus
529 2183 687 2259 disciplina
704 2186 870 2241 monastica
891 2186 919 2241 in
940 2203 1019 2242 mon.

191 2291 406 2346 Bievnoviensi
433 2303 462 2345 et
485 2287 624 2344 filialibus
641 2288 783 2363 Raigrad.
802 2302 859 2346 etc.
880 2289 919 2346 ab
941 2307 1020 2345 anno

192 2410 232 2467 99
235 2409 252 2465 3
272 2412 367 2467 usque
383 2392 421 2448 ad
435 2405 571 2468 tempora
584 2394 737 2449 Hussitica
749 2392 923 2450 observata.
940 2394 1020 2451 Con·

123 2502 126 2507 '
192 2500 305 2573 scripta
320 2497 420 2553 studio
436 2497 510 2553 Bon.
528 2498 618 2553 Piter.
641 2497 795 2554 Illaculare
815 2499 880 2554 siue
901 2516 970 2574 pag.
991 2499 1020 2554 in

192 2602 242 2659 lol.
260 2601 343 2677 Sign.
361 2601 442 2658 arch.
457 2601 493 2657 Α.
510 2602 620 2658 XVIII.
643 2616 689 2659 12.

278 2750 411 2822 Plank
435 2761 550 2822 Beda
571 2759 936 2843 (Cremifanensis),
960 2780 1021 2822 an·

192 2889 249 2942 tea
266 2878 487 2959 Franciscus,
505 2878 540 2939 in
556 2879 690 2960 oppido
704 2878 841 2961 Weyer
852 2878 1021 2941 Austriae

192 3001 385 3082 superioris
401 3001 458 3063 die
477 3020 527 3079 27.
546 2998 645 3082 Sept.
669 3019 744 3080 1741
766 3010 881 3082 natus,
898 3001 933 3063 in
949 3020 1021 3063 mo-

192 3122 347 3186 nasterio
365 3121 597 3185 Garstenensi
615 3142 645 3186 0.
656 3143 682 3184 s.
693 3122 734 3186 B.
751 3143 864 3205 prope
877 3123 1021 3207 Styram

193 3249 315 3309 urbem
333 3245 411 3325 sit0,
435 3244 549 3326 prima
564 3244 720 3307 musicae
736 3245 913 3310 elementa
928 3246 1021 3309 litte-

192 3386 380 3449 rarumque
390 3366 564 3447 principia
577 3367 714 3442 didicit3
728 3368 857 3431 deinde
866 3370 912 3430 ad
921 3388 1021 3452 gym-

192 3490 329 3552 nasium
343 3499 379 3552 et
391 3490 531 3572 lyceum
544 3489 810 3553 Cremifanense
823 3500 1022 3574 transgres-

193 3633 263 3692 sus,
282 3612 338 3673 die
357 3630 384 3689 7.
401 3611 491 3673 Nou.
514 3614 593 3689 1759
611 3631 637 3673 s.
656 3611 788 3673 ordinis
804 3622 906 3675 veste
922 3613 1022 3675 indu·

193 3744 260 3816 tuS,
278 3733 497 3814 insequentis
514 3733 597 3794 anni
618 3737 699 3811 1760
716 3733 772 3794 die
794 3738 840 3797 13.
854 3733 943 3795 Nou.
960 3753 1022 3796 vo·

193 3867 308 3919 torum
321 3854 542 3917 sollemnium
551 3855 692 3916 vinculo
701 3853 869 3937 alligatus
878 3865 914 3917 et
923 3855 1022 3937 quin-

194 3977 361 4060 quennali
378 3996 487 4057 opera
503 3975 538 4037 in
556 3975 763 4038 evolvendis
780 3995 807 4039 s.
820 3977 1022 4058 theologiae

194 4099 332 4162 arcanis
350 4100 524 4161 collocata
541 4099 597 4160 die
620 4118 644 4160 1.
659 4097 758 4180 Sept.
776 4102 856 4177 1765
872 4099 1023 4180 primum

193 4223 272 4284 Deo
300 4222 429 4283 missae
457 4220 666 4283 sacrificium
692 4221 830 4285 obtulit.
861 4222 1024 4285 Docendi

194 4365 319 4406 munus
348 4343 383 4404 in
410 4343 598 4426 gymnasio
626 4342 831 4423 auspicatus
859 4345 904 4405 ab
931 4363 1023 4406 anno

200 4471 276 4546 1765
309 4484 420 4546 usque
450 4467 495 4527 ad
523 4485 653 4527 annum
685 4469 765 4544 1785
798 4457 863 4547 per
891 4466 1024 4548 gradus

194 4589 392 4649 ascendens
408 4586 686 4668 grammaticam,
704 4587 923 4665 rhetoricam,
939 4606 1025 4669 poe·

194 4711 247 4772 sin
262 4710 382 4772 docuit
396 4709 569 4789 simulque
578 4707 868 4791 congregationis
880 4708 1025 4771 minoris

194 4851 342 4913 praeses
366 4833 636 4913 scholarumque
664 4830 951 4912 subpraefectus;
979 4832 1025 4892 ab

194 4973 286 5015 anno
308 4958 386 5032 1785
405 4952 608 5034 praefectus
624 4951 800 5015 rationum
821 4951 1025 5014 monasterii

194 5097 258 5159 per
276 5081 313 5139 25
333 5096 458 5157 annos,
481 5086 667 5157 praeterea
690 5076 736 5138 ab
758 5093 850 5137 anno
871 5093 951 5153 1794
968 5092 1025 5135 us·

196 5219 264 5281 que
281 5202 326 5261 ad
343 5197 448 5261 finem
464 5199 561 5261 vitae
578 5198 675 5260 chori
692 5196 817 5260 musici
832 5214 972 5278 regens,
989 5194 1025 5257 in

1099 683 1313 745 venerabilis
1330 685 1455 765 senior,
1478 684 1740 765 nonagenarius
1761 684 1850 749 obiit
1872 684 1929 746 die

1101 809 1150 866 23.
1170 803 1248 868 Oct.
1271 810 1361 869 1830.

1186 925 1339 1008 Scripsit
1354 928 1523 1010 typisque
1540 929 1716 1010 vulgavit:

1186 1051 1208 1108 I.
1226 1051 1355 1110 Samson
1372 1054 1447 1110 oder
1463 1054 1511 1111 die
1524 1053 1618 1111 Sdssc
1634 1073 1693 1111 von
1706 1054 1773 1111 dem
1787 1054 1928 1112 Starken.

1099 1155 1157 1211 Eiu
1174 1153 1327 1233 Siugspiel
1349 1160 1377 1213 111
1400 1161 1472 1214 zwei
1491 1159 1628 1215 Theilen.
1646 1155 1675 1236 (i.
1695 1177 1721 1215 e.
1739 1160 1850 1215 Drama
1867 1180 1929 1216 mu-

1100 1261 1193 1316 sicum
1220 1259 1386 1331 „Samsou“
1414 1262 1613 1340 intitulatum.)
1642 1261 1747 1337 Steyr,
1773 1263 1929 1321 Wimmer.

1104 1363 1194 1437 1776.
1213 1364 1254 1421 8⁰.
1277 1363 1313 1421 16
1330 1385 1359 1441 p.

1186 1467 1928 1545 II.DieJubelseierdestausendjahrigenKrems·

1100 1580 1258 1630 mdnsters.
1284 1571 1313 1652 (1.
1332 1593 1357 1630 9.
1380 1574 1555 1650 Descriptio
1577 1575 1786 1632 sollemnitatis
1810 1574 1929 1632 iubilaei

1100 1678 1254 1734 millenarii
1272 1681 1448 1734 monasterii
1465 1676 1720 1758 Cremilanensis.)
1736 1680 1820 1747 Linz,
1839 1678 1930 1754 1778.

1099 1788 1142 1855 4⁰·
1161 1780 1222 1855 287
1240 1800 1269 1858 p·

1187 1887 1240 1943 III.
1257 1885 1452 1943 Trauerrede
1467 1886 1521 1943 aul
1534 1888 1628 1943 Maria
1646 1887 1804 1956 Theresia,
1821 1907 1930 1945 uasere

1100 2010 1209 2066 grosse
1226 1992 1412 2059 Monarchin,
1430 1993 1468 2046 im
1482 1990 1596 2047 Grabe.
1620 1992 1653 2047 In
1670 1992 1724 2048 der
1740 1991 1932 2049 offentlichen

1100 2095 1332 2152 akademischen
1363 2095 1592 2170 Versammlung
1628 2080 1849 2170 vorgetragen'
1871 2113 1930 2152 von

1101 2202 1196 2256 einem
1217 2199 1373 2274 Mitgliede
1397 2199 1451 2255 der
1473 2200 1502 2256 k.
1520 2199 1549 2255 k.
1566 2199 1733 2257 Akademie
1753 2220 1789 2256 zu
1806 2201 1931 2256 Krems·

1101 2310 1242 2369 mlinster,
1260 2302 1317 2359 den
1335 2318 1385 2374 23.
1403 2303 1607 2359 Christmonat
1629 2301 1718 2375 1780.
1736 2301 1806 2382 (1.9.
1822 2304 1931 2361 Oratio

1101 2406 1235 2464 funebris
1246 2409 1274 2463 in
1284 2420 1409 2464 mortem
1417 2409 1617 2483 imperatricis
1622 2408 1736 2464 Mariae
1742 2407 1931 2487 Theresiae.)

1100 2512 1201 2580 Wien,
1214 2511 1262 2568 bei
1275 2512 1342 2588 Joh.
1353 2512 1411 2568 Th.
1427 2511 1523 2568 Edlen
1534 2530 1596 2568 von
1605 2511 1779 2569 Trattnern.
1793 2519 1835 2585 4⁰.
1851 2527 1892 2570 20
1900 2532 1930 2589 p.

1187 2631 1380 2692 Praeterea
1408 2630 1686 2711 manuscriptum
1718 2631 1860 2713 reliquit
1891 2632 1931 2694 li·

1100 2755 1248 2816 bellum:

1188 2877 1415 2953 Beschreibung
1450 2877 1505 2934 der
1536 2878 1628 2934 Reise
1659 2880 1735 2936 nach
1767 2879 1930 2946 Einsidleu,

1101 2980 1284 3057 Strassburg
1297 2981 1355 3038 und
1368 2982 1548 3051 Maunheim,
1565 2982 1680 3039 welche
1693 2985 1731 3038 im
1743 2983 1833 3059 Jahre
1850 2996 1931 3057 1779

1101 3087 1158 3143 den
1176 3102 1226 3144 20.
1239 3086 1420 3163 September
1436 3089 1488 3143 mit
1500 3085 1680 3143 Erlaubuiss
1696 3087 1751 3143 der
1763 3087 1867 3144 Obern
1879 3105 1931 3142 an·

1101 3205 1239 3267 getreten
1253 3191 1311 3248 und
1324 3191 1382 3247 deu
1394 3205 1422 3265 7.
1431 3190 1603 3248 November
1615 3191 1767 3266 glucktieh
1780 3191 1932 3248 vollendet

1102 3296 1153 3352 hat
1168 3297 1200 3352 P.
1218 3297 1250 3353 B.
1267 3297 1300 3354 P.
1316 3296 1347 3352 P.
1366 3296 1399 3352 C.
1416 3292 1445 3374 (i.
1464 3315 1489 3352 e.
1507 3293 1719 3374 Itinerarium.)

1187 3413 1301 3476 Multa
1329 3415 1490 3476 dramata
1516 3414 1643 3477 LatIna
1670 3415 1706 3476 in
1734 3433 1931 3478 sermonem

1103 3535 1353 3600 Germanicum
1381 3537 1556 3600 convertit
1584 3547 1620 3600 et
1645 3537 1744 3599 varia
1772 3538 1932 3599 dramata

1102 3667 1174 3720 tam
1195 3657 1323 3720 Latina
1346 3678 1451 3740 quam
1470 3657 1681 3722 Germanica
1703 3659 1826 3743 lingua
1851 3678 1932 3722 con·

1101 3780 1197 3862 fecit,
1210 3800 1359 3862 quorum
1368 3783 1455 3843 haec
1466 3784 1535 3844 duo
1544 3782 1642 3864 typis
1652 3782 1825 3864 impressa
1835 3790 1932 3844 sunt:

1189 3907 1211 3963 I.
1233 3906 1368 3963 Abramo
1393 3909 1636 3983 componimento
1657 3925 1748 3964 sacro
1770 3925 1865 3983 opera
1885 3906 1933 3963 del

1103 4009 1234 4086 Signore
1250 4010 1360 4068 abbate
1376 4013 1408 4067 P.
1422 4012 1608 4068 Metastasio
1626 4010 1746 4087 Styrae,
1763 4011 1932 4068 Menhardt.

1108 4130 1198 4190 1772.
1217 4114 1258 4173 80.
1277 4114 1315 4172 62
1335 4136 1364 4192 p.

1190 4222 1227 4278 ll.
1245 4219 1390 4278 Socrates
1406 4222 1542 4276 veritatis
1559 4223 1688 4277 victima.
1711 4218 1831 4297 Styrae,
1849 4222 1933 4278 Men-

1104 4327 1201 4394 hardt,
1223 4339 1313 4400 1774.
1331 4330 1374 4397 4⁰.
1393 4338 1433 4381 20
1450 4344 1479 4400 p.

1191 4454 1350 4528 Plodek
1371 4465 1613 4529 Christinus
1630 4465 1934 4547 (Btevnoveno-

1105 4584 1385 4665 Braunensis),
1406 4604 1428 4645 a
1447 4585 1529 4667 Rzy
1556 4585 1592 4647 in
1608 4584 1788 4648 Bohemia.
1819 4584 1934 4646 Natus

1106 4710 1157 4769 25.
1178 4706 1265 4786 Apr.
1288 4710 1377 4787 1840,
1401 4705 1561 4769 habitum
1586 4706 1857 4770 Benedictinum
1884 4706 1934 4768 111-

1105 4828 1182 4892 duit
1209 4832 1299 4906 1859,
1324 4848 1532 4910 sacramque
1556 4829 1717 4911 regulam
1741 4827 1935 4891 Btevnovii

1104 4950 1287 5033 professus
1309 4960 1365 5013 est
1385 4951 1441 5012 die
1464 4954 1494 5014 8.
1510 4950 1597 5013 Dec.
1618 4954 1709 5031 1863,
1734 4970 1776 5012 ac
1799 4949 1857 5012 die
1883 4953 1933 5011 31.

1105 5073 1168 5135 Iul.
1190 5076 1270 5150 1864
1287 5073 1487 5135 sacerdotio
1505 5072 1674 5136 initiatus.
1704 5071 1868 5137 Selectus
1888 5073 1935 5134 ad

1105 5214 1224 5258 curam
1251 5193 1446 5257 animarum
1476 5197 1522 5257 ab
1549 5215 1642 5258 anno
1675 5200 1752 5275 1872
1785 5215 1934 5279 gregem

195 5342 331 5384 summa
348 5330 531 5384 senectute
552 5321 637 5383 nihil
658 5342 679 5382 a
701 5319 883 5382 laboribus
908 5317 1025 5380 remit·
1063 5298 1066 5362 l
1105 5315 1237 5379 domini
1266 5315 1385 5397 pascit
1410 5317 1592 5399 Potaplae
1619 5318 1665 5380 ad
1692 5317 1824 5383 Albim.
1866 5319 1936 5382 Dei

195 5454 274 5506 tens
302 5444 486 5525 professus
517 5454 553 5507 et
583 5444 752 5506 sacerdos
782 5440 957 5504 iubilaeus
989 5449 1025 5502 et
1063 5434 1067 5510 l
1105 5437 1331 5502 eucharistici
1347 5439 1466 5501 zelans
1478 5440 1648 5502 honorem
1661 5438 1800 5503 exstitit
1811 5449 1936 5504 auctor
