4252 6112
918 441 1200 528 ,138-

275 653 401 712 Studien
415 673 451 709 zu
462 650 703 729 Shakespeare¹s
714 649 810 726 Julius
823 649 928 706 Casar.
946 644 976 726 (1.
990 666 1017 704 e.

190 761 236 817 De
252 757 466 834 Shakespearii
484 757 632 813 dramate:
654 754 746 811 lulius
767 750 902 831 Caesar.)
924 752 1018 827 Gym-

190 864 470 940 nasialprogramm.
495 862 580 930 Linz,
604 859 710 916 Druck
728 878 789 915 von
808 858 1020 931 Feichtingers

190 968 303 1026 Erben.
335 967 426 1040 1873.
452 973 494 1039 4⁰.
520 978 562 1036 30
584 985 614 1041 p.
639 963 753 1038 Verlag
775 961 829 1019 der
853 962 1020 1017 Direction.

190 1072 325 1130 Eandem
351 1073 505 1128 materiam
534 1069 719 1126 continuavit
746 1068 831 1122 annis
859 1063 949 1139 1876,
977 1062 1020 1121 8⁰.

192 1178 230 1236 28
248 1197 288 1254 p..
305 1190 335 1233 et
356 1174 446 1250 1877,
464 1175 505 1232 8⁰.
522 1172 563 1247 36
580 1192 609 1249 p.
628 1171 702 1229 lbid.

278 1322 498 1418 Glamglan
512 1328 1020 1415 (Dschiamdschian)Phi·

191 1452 703 1537 lippuslMechitharista),
714 1447 1022 1530 Constantinopoli

192 1577 249 1639 die
267 1581 295 1638 3.
306 1575 400 1658 Aug.
419 1579 498 1653 1819
515 1585 629 1656 natus,
645 1573 808 1636 Viennae
825 1571 860 1634 in
875 1569 1023 1633 Austria

191 1698 316 1761 habitu
339 1716 365 1758 s.
395 1696 452 1759 die
481 1716 534 1759 20.
555 1695 643 1758 Maii
673 1698 753 1758 1838
780 1694 936 1774 indutus,
963 1692 1021 1755 die

192 1823 222 1884 8.
236 1798 329 1882 ‘Dee
354 1823 445 1899 1839,
470 1828 555 1881 vota
579 1817 704 1899 emisit,
728 1826 764 1879 et
788 1817 845 1879 die
869 1820 898 1877 8.
920 1813 1021 1896 Sept.

197 1945 276 2020 1844
292 1949 520 2003 consecratus
533 1949 588 2001 est
600 1941 799 2021 presbyter.
816 1937 922 2000 Anno
940 1938 1018 1998 1853

193 2062 251 2125 die
269 2084 319 2126 21.
335 2062 410 2126 Iun.
427 2061 486 2143 pie
503 2060 616 2122 exivit
632 2061 676 2122 de
691 2058 777 2121 vita.

281 2182 401 2265 Opera
418 2182 494 2244 eius
510 2180 608 2264 typis
624 2180 736 2243 edita:

280 2311 302 2366 1·
319 2309 558 2398 utentum»
570 2304 833 2380 ewulm-[³⁶22
847 2306 938 2383 111»,
959 2306 978 2361 i·
995 2322 1022 2360 e·

193 2414 316 2488 Dialogi
334 2416 362 2470 in
380 2432 433 2469 sex
451 2411 570 2485 linguis,
585 2411 613 2466 h.
623 2429 650 2467 e.
661 2409 786 2478 Gallica,
796 2408 934 2484 Anglica,
943 2409 1023 2465 Neo·

194 2536 325 2585 armena,
338 2517 471 2574 Turcica
486 2512 605 2594 (litteris
616 2511 825 2592 Armeniacis),
842 2512 1025 2571 Germanica

195 2638 226 2682 et
240 2624 354 2680 Italica.
371 2623 514 2688 Viennae,
533 2622 612 2696 typis
629 2619 770 2676 Mechith.
792 2616 882 2691 1848.

282 2729 320 2784 11.
341 2726 526 2802 (11111111ι
541 2723 818 2803 illumirtsslffi
833 2721 1023 2801 sutilem.

195 2837 213 2892 i.
223 2854 250 2890 e.
265 2832 398 2889 Floriani
415 2827 567 2895 Thobias;
588 2831 690 2885 versio
707 2847 744 2885 ex
759 2827 878 2884 Gallico
895 2839 977 2885 textu
996 2828 1024 2882 in

196 2956 304 2995 versus
320 2935 558 2992 Palam-armen.
571 2934 715 2999 Viennae,
729 2933 809 3008 typis
822 2932 918 2988 Mech.
933 2931 1023 3005 1849.

282 3040 336 3097 111.
349 3039 378 3114 11
387 3038 516 3129 gpatfp
527 3035 894 3112 rmrmq.fq.w.[ap.a
901 3037 923 3107 7
933 3038 1024 3116 gv.

196 3149 322 3210 mumma,
339 3146 358 3201 i.
372 3162 400 3200 e.
417 3143 546 3198 Mauritii
560 3141 705 3216 Wagner.
728 3141 789 3197 Iter
806 3142 836 3197 in
852 3139 1023 3197 Armeniam

196 3246 246 3329 (Μ.
271 3249 423 3322 Wagners
447 3246 538 3303 Reise
562 3246 638 3302 nach
663 3245 730 3302 dem
751 3241 884 3323 Ararat.)
914 3244 1023 3302 Versio

107 3388 110 3394 2
196 3353 293 3411 libera
315 3372 353 3409 ex
376 3352 479 3409 Germ.
505 3363 586 3406 textu
613 3370 680 3407 cum
705 3349 923 3425 supplementis
948 3360 980 3405 et
1003 3365 1023 3422 4

198 3456 386 3534 imaginibus.
407 3456 650 3512 Neo-armenico
667 3456 811 3523 Viennae,
829 3456 908 3530 typis
926 3454 1023 3511 Mech.

202 3561 292 3636 1851.

286 3688 456 3763 Gordan
494 3698 723 3760 Emeranus
758 3698 868 3760 Ioan.
905 3698 1025 3792 bapt.

199 3818 603 3900 (Michaelburanus),
620 3816 843 3896 Austriaeus,
863 3826 969 3879 natus
991 3817 1027 3879 in

198 3940 462 4023 Ampfelwang,
477 3960 527 4003 22.
540 3938 627 4001 Maii
645 3943 736 4020 1819,
753 3937 843 4018 prof.
861 3929 912 4017 2'4.
926 3937 1026 4021 Sept.

203 4067 294 4143 1843,
311 4082 382 4125 sac.
403 4082 428 4123 1.
445 4060 540 4141 Aug.
562 4064 652 4137 1844.
669 4057 806 4122 Studiis
818 4060 1029 4147 theologicis
1066 4092 1069 4103 ·

200 4181 372 4247 absolutis
395 4191 430 4244 et
452 4200 625 4243 concursu
645 4180 779 4260 optime
795 4189 951 4263 peracto,
968 4200 1029 4242 vo·

1097 643 1316 707 clesiasticos
1337 654 1589 706 numeraretur.
1618 643 1687 706 Die
1706 643 1938 706 Parasceves

1097 766 1181 829 anni
1198 770 1288 848 1876,
1306 785 1445 830 crucem
1462 762 1698 847 redemptoris
1716 764 1829 827 nostri
1847 763 1939 827 ado·

1098 907 1191 970 ranS,
1207 887 1400 970 apoplexia
1415 896 1533 950 tactus
1550 895 1614 968 est,
1632 896 1669 949 et
1681 885 1770 949 obiit
1785 886 1821 949 in
1837 884 1936 949 festo

1099 1008 1287 1073 Paschatis
1313 1011 1375 1093 (16.
1398 1008 1500 1090 Apr.)
1525 1007 1655 1071 domini
1680 1009 1762 1071 Iesu
1787 1005 1936 1088 Christi,

1101 1142 1141 1196 ut
1156 1152 1235 1195 cum
1251 1131 1330 1213 ipso
1345 1140 1521 1214 resurgat.

1187 1253 1292 1316 Prelo
1308 1253 1471 1317 tradidit:

1186 1378 1381 1436 Trauerrede
1404 1377 1458 1435 auf
1478 1378 1533 1435 das
1553 1375 1757 1433 Hinscheiden
1778 1374 1834 1432 der
1854 1375 1937 1433 Ehr-

1100 1483 1255 1559 wiirdigen
1271 1484 1350 1540 Frau
1365 1482 1493 1541 Alberta
1508 1482 1687 1550 Ainhauser,
1709 1479 1848 1538 Abtissin
1864 1498 1937 1537 vom

1100 1588 1239 1664 adeligen
1266 1586 1469 1645 Frauenstilte
1494 1586 1680 1662 Nonnberge
1711 1587 1740 1642 in
1772 1582 1936 1658 Salzburg.

1100 1689 1130 1773 (ἱ.
1143 1711 1170 1750 e.
1183 1691 1292 1750 Sermo
1308 1690 1446 1767 lugubris
1462 1693 1491 1749 in
1507 1690 1623 1748 obitum
1635 1688 1823 1747 reverendae
1836 1687 1936 1745 domi·

1101 1816 1158 1854 nae
1172 1795 1317 1854 Albertae
1329 1796 1509 1864 Ainhauser,
1522 1793 1695 1851 abbatissae
1712 1794 1891 1850 monasterii
1907 1795 1938 1849 in

1101 1914 1203 1959 monte
1230 1901 1400 1959 monialium
1428 1896 1593 1978 nobilium.)
1624 1895 1810 1972 Salisburgi,
1845 1893 1936 1971 1856.

1101 2007 1200 2084 Typis
1216 2008 1369 2063 Francisci
1386 2006 1463 2062 Xav.
1481 2005 1588 2078 Dayle.

1189 2133 1418 2230 Gosztonyl
1442 2144 1654 2207 Fabianus
1671 2143 1850 2207 Carolus
1873 2144 1934 2225 (de

1101 2283 1128 2326 s.
1160 2264 1300 2328 Monte
1335 2263 1613 2345 Pannoniae),
1648 2263 1684 2327 in
1715 2262 1808 2327 Olad
1847 2282 1936 2327 coni

1103 2386 1244 2451 Castris.
1264 2387 1300 2450 in
1315 2386 1501 2469 Hungaria
1526 2386 1584 2449 die
1609 2407 1657 2448 11.
1674 2385 1748 2448 Iun.
1770 2388 1849 2464 1841
1876 2405 1938 2447 na-

1102 2519 1170 2592 tus,
1198 2529 1225 2573 s.
1252 2509 1376 2572 habitu
1403 2509 1460 2571 die
1488 2513 1517 2571 8.
1541 2507 1641 2591 Sept.
1669 2512 1746 2571 1861
1779 2508 1936 2590 indutus,

1101 2641 1187 2695 vota
1202 2631 1385 2695 sollemnia
1401 2631 1458 2693 die
1471 2634 1500 2693 5.
1515 2629 1594 2694 Oct.
1612 2634 1690 2709 1867
1709 2629 1837 2693 emisit.
1861 2629 1936 2692 Ab·

1102 2754 1226 2817 solutis
1241 2754 1277 2816 in
1293 2772 1320 2816 s.
1333 2760 1452 2815 monte
1465 2773 1491 2815 s.
1506 2751 1708 2834 theologiae
1720 2751 1860 2834 studiiS,
1878 2750 1935 2814 die

1106 2898 1132 2940 1.
1143 2876 1238 2959 Aug.
1253 2879 1332 2938 1868
1346 2874 1530 2937 ordinatus
1543 2883 1608 2956 est,
1625 2894 1672 2936 ex
1684 2893 1755 2955 quo
1772 2883 1935 2956 tempore

1103 3000 1149 3061 ad
1169 3017 1300 3060 annum
1322 3001 1402 3076 1870
1425 2995 1542 3059 officio
1564 2995 1777 3078 professoris
1800 2996 1935 3079 Papae,

1107 3126 1275 3201 1870-74
1291 3118 1422 3182 Iaurini
1438 3117 1591 3200 functus,
1613 3137 1659 3180 ex
1680 3137 1722 3181 eo
1743 3117 1841 3180 idem
1860 3138 1934 3181 mu·

1102 3263 1169 3307 nus
1185 3240 1352 3323 Sopronii
1368 3241 1453 3305 obit.
1480 3239 1648 3322 Scripsit:

1189 3368 1216 3424 A
1237 3368 1310 3424 latin
1328 3367 1468 3442 hangzdk
1489 3363 1662 3424 iddszerinti
1683 3366 1935 3443 meglagyulitsai·

1104 3474 1151 3531 rdl
1166 3474 1300 3531 Corssen
1316 3472 1431 3529 Vilmos
1447 3471 1585 3546 nyomitn.
1607 3467 1637 3549 (1.
1655 3490 1681 3527 e.
1699 3470 1746 3527 De
1763 3473 1935 3528 mutationi·

1104 3578 1162 3636 bus
1188 3573 1359 3655 vocalium.)
1389 3576 1422 3631 ln
1450 3594 1554 3652 progr.
1578 3594 1678 3650 gymn.
1707 3573 1933 3651 Soproniensis,

1110 3678 1237 3760 187⁶l7·
1256 3681 1298 3739 8⁰.
1315 3700 1345 3756 p.
1362 3694 1478 3752 3-11.

1192 3808 1519 3884 Gotschmatsch
1534 3821 1811 3885 willibaldus
1829 3822 1935 3905 (Sco-

1106 3938 1263 4019 tensis),
1279 3949 1384 4002 natus
1403 3943 1452 4000 25.
1465 3938 1569 4002 Mart.
1594 3960 1673 4019 1779
1686 3941 1862 4024 Viennae,
1879 3943 1936 4004 ab·

1107 4060 1302 4140 solutisque
1319 4060 1565 4142 philosophiae
1582 4062 1710 4125 studiis
1726 4064 1861 4127 ordinis
1877 4084 1934 4127 ve-

1107 4193 1162 4246 ste
1180 4184 1332 4245 donatus
1348 4192 1404 4244 est
1424 4202 1472 4262 17.
1489 4182 1567 4247 Oct.
1590 4188 1680 4248 1801.
1697 4184 1858 4267 Cumque
1876 4204 1937 4267 per

201 4288 302 4368 catus
319 4312 373 4365 est
388 4304 434 4366 ad
450 4301 691 4383 professuram
709 4301 743 4363 in
759 4302 947 4383 gymnasio
965 4301 1029 4366 Sa·
1107 4315 1193 4369 vota
1217 4305 1401 4367 sollemnia
1423 4306 1500 4368 Deo
1524 4316 1753 4369 consecratus
1778 4328 1826 4369 11.
1849 4307 1935 4390 Apr.

200 4424 429 4506 lisburgensi,
462 4423 583 4504 ibique
614 4423 834 4485 iuventutem
861 4424 1029 4487 instruxit
1113 4432 1192 4490 1803
1217 4426 1487 4508 sacerdotioque
1510 4427 1669 4490 initiatus
1695 4428 1846 4510 primam
1874 4432 1937 4493 ho-

201 4550 248 4610 ab
265 4565 357 4609 anno
378 4549 457 4624 1845
481 4565 594 4627 usque
615 4547 661 4607 ad
681 4565 811 4608 annum
837 4550 928 4624 1854.
951 4547 1030 4610 Hoc
1068 4514 1071 4623 l
1109 4549 1213 4612 stiam
1233 4549 1453 4611 incruentam
1474 4549 1662 4612 obtulisset
1679 4570 1729 4612 21.
1747 4548 1826 4614 Oct.
1850 4556 1948 4631 1804,

202 4689 295 4733 anno
308 4667 341 4730 ei
354 4668 451 4729 iussu
463 4668 683 4750 superiorum
697 4666 911 4751 professura,
925 4690 1031 4751 quam

202 4811 338 4856 summa
348 4810 427 4853 cum
436 4789 628 4852 severitate
642 4799 677 4851 et
689 4789 941 4852 benevolentia
952 4811 1031 4873 per·
1057 4789 1059 4793 ’

202 4923 338 4996 egerat,
354 4911 592 4993 permutanda
613 4920 690 4973 erat
711 4930 790 4972 cum
807 4912 976 4992 parochia
996 4913 1032 4975 in

203 5034 373 5096 suburbio
389 5034 501 5096 Miilln
517 5052 630 5114 prope
644 5030 903 5115 Salisburgum,
920 5034 980 5096 ubi
996 5034 1032 5096 in

204 5167 379 5237 suggestu
391 5175 493 5219 sacro
509 5155 560 5217 ita
573 5155 751 5235 excelluit,
768 5164 807 5217 ut
819 5157 865 5217 ab
879 5156 1033 5220 eminen-

206 5274 342 5337 tissimo
355 5278 497 5340 domino
511 5276 780 5359 archiepiscopo
789 5277 1033 5341 Maximiliano

205 5394 358 5476 Iosepho
375 5399 418 5459 de
434 5398 606 5461 Tarndczi
625 5399 717 5461 inter
738 5399 956 5464 consiliarios
977 5421 1034 5464 ec·

1110 4680 1322 4751 cooperator
1333 4670 1461 4733 missus
1477 4679 1532 4732 est
1548 4671 1582 4733 in
1600 4672 1819 4753 suburbium,
1835 4694 1939 4755 quem

1111 4794 1282 4876 Campum
1298 4802 1429 4855 vocant
1445 4790 1643 4857 Scotorum.
1672 4794 1870 4876 Postquam
1890 4794 1939 4858 ibi

1110 4916 1181 4979 iam
1197 4925 1337 4977 sextum
1358 4913 1392 4977 in
1410 4936 1539 4977 annum
1560 4927 1703 4978 strenue
1723 4937 1765 4980 ae
1786 4916 1941 4980 fideliter

1112 5037 1146 5098 in
1163 5036 1268 5099 vinea
1283 5035 1425 5097 Domini
1447 5037 1632 5119 laboravit,
1654 5036 1785 5120 insigni
1806 5038 1942 5120 praeci·

1112 5178 1182 5240 pue
1198 5178 1307 5240 opera
1323 5158 1358 5220 in
1376 5158 1579 5221 erudiendis
1591 5159 1858 5222 catechumenis
1874 5161 1943 5224 col-

1112 5281 1239 5361 locata,
1260 5279 1296 5341 in
1316 5281 1503 5362 gymnasio
1525 5278 1689 5343 Scotensi
1705 5281 1966 5351 Vindobonae

1113 5400 1326 5464 christianae
1359 5401 1541 5484 religionis
1576 5411 1771 5483 praecepta
1801 5394 1943 5466 tradere
