4222 6106
884 525 926 534 -
973 487 1083 550 XVII
1130 525 1169 534 -

152 723 219 775 est.
255 713 497 795 Wolfgangus
513 712 593 792 pius
610 713 802 794 episcopus
818 712 1106 788 Ratisbonensis,
1131 710 1222 773 fidus
1240 712 1297 774 ille
1315 732 1341 773 s.
1360 712 1546 774 Benedicti
1563 711 1665 792 filius,
1687 711 1899 774 Bohemiam.

153 851 327 933 potestati
359 871 444 912 suae
475 851 672 913 subiectam
703 871 724 912 a
756 850 911 912 dioecesi
943 870 1006 912 sua
1037 850 1192 912 seiunxit
1224 860 1259 911 et
1291 856 1350 929 973
1376 851 1648 913 Benedictinum
1679 851 1895 912 Tietmarum

154 990 507 1071 Magdeburgensem
530 987 681 1070 primum
713 1007 798 1050 suae
830 989 1021 1069 potestatis
1053 989 1261 1069 episcopum
1292 989 1512 1070 Pragensem
1543 989 1691 1070 agnovit
1707 991 1739 1069 ¹).
1778 988 1894 1050 Huius

154 1128 264 1209 igitur
280 1128 346 1188 sub
363 1126 532 1207 auspiciis
555 1127 641 1188 ordo
666 1125 817 1206 primum
842 1125 1057 1188 domicilium
1086 1125 1121 1187 in
1139 1127 1310 1188 Bohemia
1334 1127 1544 1189 conlocavit.
1576 1127 1709 1189 Wlada
1726 1127 1818 1190 enirn
1835 1128 1894 1208 pia

155 1267 257 1329 ducis
272 1265 344 1328 filia
361 1286 440 1328 cum
465 1265 705 1347 compluribus
730 1264 784 1326 sui
808 1265 981 1327 similibus
1006 1265 1128 1326 adiuta
1151 1285 1172 1326 a
1195 1265 1304 1326 fratre
1327 1265 1492 1327 Boleslao
1509 1266 1553 1328 ΙΙ.
1578 1276 1660 1346 post
1685 1286 1814 1328 annum
1832 1284 1895 1344 970

156 1405 307 1485 primum
330 1424 357 1467 s.
383 1402 539 1484 Georgio
564 1402 767 1466 dedicatum
792 1403 1003 1464 coenobium
1027 1405 1277 1465 monacharum
1301 1403 1443 1485 Pragae
1468 1401 1625 1466 condidit
1641 1406 1675 1484 2).

285 1541 424 1624 Viginti
448 1541 549 1602 annis
572 1551 655 1621 post
678 1541 842 1603 monachi
866 1540 933 1621 ipsi
959 1541 992 1603 in
1018 1560 1059 1602 ea
1083 1552 1195 1620 terra,
1229 1561 1298 1620 quo
1330 1541 1398 1603 iarn
1428 1551 1480 1604 tot
1509 1543 1691 1623 apostolos
1715 1542 1895 1622 miserant,

156 1700 304 1743 manens
328 1680 542 1742 domicilium
567 1678 755 1742 aedificato
771 1679 988 1741 monasterio
1006 1679 1264 1741 Blevnoviensi
1285 1679 1353 1741 sibi
1371 1680 1638 1741 constituerunt.
1670 1679 1790 1741 Prima
1806 1682 1894 1742 haec

157 1820 296 1882 colonia
319 1839 340 1881 a
364 1838 391 1882 s.
416 1819 625 1898 Adalberto,
650 1820 807 1880 secundo
832 1818 1005 1899 episcopo
1029 1818 1213 1899 Pragensi,
1239 1819 1393 1879 deducta
1417 1827 1481 1898 est,
1507 1818 1566 1898 qui
1589 1818 1667 1900 ipse
1691 1818 1773 1880 olim
1794 1829 1895 1881 veste

155 1958 308 2039 simplici
332 1976 358 2020 s.
383 1957 571 2020 Benedicti
595 1957 734 2018 Romae
760 1956 794 2017 in
817 1957 1031 2018 monasterio
1056 1976 1082 2017 S.
1107 1955 1229 2017 Alexii
1263 1968 1298 2017 et
1326 1955 1502 2016 Boniiacii
1533 1955 1677 2017 indutus
1708 1976 1801 2018 anno
1832 1962 1893 2035 993

155 2095 343 2157 duodecim
367 2095 558 2157 monachos
580 2115 625 2157 ex
641 2097 768 2157 eodem
792 2093 964 2156 coenobio
988 2094 1179 2156 advocavit
1194 2095 1228 2174 ³).
1274 2093 1329 2155 Ibi
1346 2093 1509 2155 monachi
1529 2095 1637 2176 paulo
1661 2105 1744 2176 post
1768 2093 1894 2157 officiis

155 2232 290 2294 ordinis
313 2232 415 2314 fungi
438 2243 643 2314 coeperunt.
684 2231 895 2295 Sedularum
920 2233 1039 2312 apium
1062 2233 1133 2294 ritu
1156 2232 1237 2294 hinc
1266 2231 1395 2313 partim
1425 2231 1593 2293 eremitae
1622 2232 1750 2311 partim
1774 2233 1895 2313 plures

155 2370 368 2452 congregati
392 2370 427 2431 in
450 2371 530 2433 loca
555 2372 697 2432 deserta
721 2369 889 2450 intrepidi
914 2379 1161 2451 penetrarunt,
1191 2370 1300 2430 silvas
1324 2369 1552 2431 densissimas
1576 2370 1794 2452 exciderunt,
1823 2371 1896 2432 exi-

155 2510 237 2590 guis
261 2509 334 2571 suis
359 2509 457 2570 cellis
481 2518 518 2571 et
541 2509 701 2571 ecclesiis
724 2509 866 2590 signum
883 2507 1008 2570 salutis
1026 2508 1278 2588 imposuerunt.
1310 2507 1388 2569 Hoc
1413 2509 1518 2569 modo
1542 2509 1684 2569 saeculo
1708 2509 1895 2571 undecimo

156 2646 394 2728 Raigradium
409 2649 432 2725 ⁴)
458 2656 493 2708 et
516 2646 879 2728 Monacogradecium
894 2649 917 2725 5)
942 2647 1158 2708 monasteria
1182 2657 1259 2708 orta
1283 2655 1373 2708 sunt.

287 2785 329 2846 A·
350 2786 563 2847 monasterio
591 2785 851 2847 Breunoviensi
880 2804 907 2847 s.
940 2784 1136 2866 Procopius
1168 2784 1352 2864 profectus
1381 2784 1532 2864 primum
1564 2785 1598 2845 in
1627 2784 1817 2847 solitudine
1849 2786 1895 2847 ad

155 2922 362 2986 Saczawam
387 2923 537 3003 delituit,
566 2932 692 3003 postea
715 2941 811 3003 ver0,
843 2942 922 2984 curn
947 2923 1137 2985 sanctitate
1161 2923 1237 2984 eius
1267 2924 1465 3002 complures
1493 2923 1553 2985 alii
1577 2923 1824 3005 adlicerentur,
1849 2943 1895 2985 ex

74 3072 77 3077 '
154 3063 250 3142 stipe
267 3063 410 3125 conlata
425 3062 593 3125 sacellum
611 3075 646 3124 et
662 3061 913 3124 monasterium
930 3061 1141 3143 aedificavit,
1165 3061 1200 3123 in
1220 3081 1289 3142 quo
1309 3064 1376 3123 sub
1399 3062 1525 3143 regula
1549 3082 1575 3122 s
1596 3062 1783 3124 Benedicti
1806 3061 1895 3124 mili-

61 3182 65 3188 ’
152 3202 281 3263 tabant
295 3199 330 3279 ⁶).
369 3199 473 3280 Quod
497 3201 699 3281 exemplum
729 3201 836 3262 etiam
859 3200 1028 3263 Nicolaus
1052 3200 1330 3262 Brevnoviensis
1354 3211 1498 3263 secutus
1522 3200 1556 3262 in
1579 3200 1657 3261 loco
1681 3202 1823 3263 deserto
1848 3203 1893 3263 ad

154 3337 396 3419 Opatovicum
418 3358 532 3420 prope
555 3339 910 3420 Reginogradecium
935 3338 1058 3399 cellam
1084 3339 1151 3399 sibi
1175 3338 1371 3417 exstruxit,
1402 3357 1448 3399 ex
1472 3358 1542 3418 qua
1566 3348 1692 3418 postea
1716 3348 1893 3400 monaste-

152 3477 243 3538 rium
267 3475 399 3558 prodiit
415 3475 450 3556 ⁷).

284 3614 386 3676 Haec
410 3614 518 3696 igitur
540 3616 756 3678 monasteria
773 3617 933 3678 coloniae
950 3626 1050 3678 erant
1068 3615 1270 3695 Breunovii,
1288 3617 1383 3696 quod
1400 3615 1525 3697 ipsum,
1546 3625 1585 3677 ut
1601 3634 1709 3696 supra
1726 3614 1890 3695 diximus

150 3752 328 3834 originem
363 3772 410 3814 ex
441 3753 656 3815 monasterio
684 3772 711 3816 s.
743 3753 864 3815 Alexii
897 3764 932 3815 et
964 3753 1139 3815 Bonifacii
1171 3754 1336 3815 Romano
1375 3753 1494 3816 traxit.
1545 3752 1678 3814 Verum
1709 3752 1816 3814 etiam
1848 3773 1894 3815 ex

150 3888 346 3951 Germania
370 3891 457 3951 ordo
481 3909 593 3952 novas
616 3891 711 3952 vires
735 3891 885 3972 accepit.
917 3891 1105 3952 Boleslaus
1131 3891 1175 3954 ΙΙ.
1200 3892 1292 3952 enim
1316 3893 1390 3952 dux
1413 3891 1617 3971 Bohemiae,
1643 3902 1812 3972 quantum
1832 3889 1895 3953 filii

285 4175 305 4254 ¹)
329 4176 432 4244 Frind,
458 4177 766 4251 Kirchengeschichte
789 4197 850 4234 von
874 4179 1018 4235 Bdhmen.

282 4286 304 4368 2)
329 4290 397 4345 Hoc
421 4292 634 4347 monasterium
659 4293 775 4365 magnis
800 4291 930 4347 fortunis
955 4305 1131 4348 exornatum
1149 4305 1221 4348 erat.
1255 4294 1321 4348 Non
1338 4295 1432 4346 minus
1454 4306 1511 4363 129
1528 4294 1586 4347 vici
1604 4291 1651 4347 vel
1669 4293 1747 4347 omni
1766 4293 1892 4357 ratione,

146 4401 197 4457 vel
222 4420 260 4457 ex
287 4415 373 4476 parte
398 4403 425 4457 ei
449 4401 560 4458 subditi
584 4415 679 4460 erant.
712 4402 804 4458 Frind
829 4403 847 4458 l.
872 4422 898 4459 c.

281 4511 305 4591 ³)
330 4515 377 4570 De
400 4514 458 4571 hoc
482 4517 665 4571 monasterio
689 4515 873 4571 exstruendo
906 4527 936 4571 et
969 4515 1143 4571 exornando
1173 4519 1285 4591 optime
1314 4518 1422 4571 meruit
1445 4514 1601 4571 Boleslaus
1626 4517 1663 4571 ll.
1703 4516 1770 4570 Dux
1795 4514 1892 4570 Bohe-

146 4630 236 4682 miae.
269 4626 363 4684 Vide:
388 4626 486 4682 Breve
509 4627 682 4684 Chronicon
706 4628 932 4683 Bievnoviense
958 4641 988 4683 et
1012 4627 1220 4704 Ziegelbauer,
1246 4628 1429 4684 Geschichte
1453 4646 1513 4683 von
1536 4629 1686 4684 Bievnov.

281 4737 304 4817 4)
329 4737 525 4811 Raigradium
549 4758 647 4815 prope
670 4741 798 4795 Brunam
824 4743 852 4796 in
874 4741 1012 4796 Moravia
1035 4742 1122 4796 situm
1152 4739 1230 4812 1048
1256 4743 1284 4796 in
1308 4740 1453 4796 honorem
1482 4742 1650 4816 principum
1673 4738 1892 4814 Apostolorum

147 4872 165 4907 a
192 4851 343 4907 Bretislao
367 4851 390 4906 I.
422 4850 499 4907 duce
522 4851 684 4907 Bohemiae
716 4851 866 4908 conditum
899 4864 929 4907 et
955 4852 1131 4908 Meinhardo
1160 4851 1262 4908 abbati
1292 4853 1507 4908 Blevnoviensi
1539 4851 1678 4907 traditum
1710 4863 1766 4906 est.
1798 4850 1892 4907 Vide:

148 4963 262 5028 11911111,
287 4961 475 5023 Geschichte
497 4981 558 5020 von
582 4965 725 5038 Raigern,
750 4965 774 5020 l.

281 5073 304 5153 ⁵)
328 5075 633 5149 Monacogradecium
661 5090 742 5148 1054
767 5077 887 5131 circiter
911 5076 1061 5132 conditum
1086 5095 1154 5132 esse
1178 5076 1301 5144 dicitur;
1333 5079 1497 5150 nonaginta
1518 5076 1602 5130 annis
1619 5087 1690 5149 post
1714 5076 1742 5130 in
1766 5094 1891 5150 posses-

147 5190 268 5244 sionem
294 5186 540 5244 cisterciensium
563 5186 645 5244 abiit.
685 5189 721 5244 V.
746 5186 893 5253 Schaller,
918 5188 1140 5263 Topographie
1163 5206 1223 5244 von
1243 5189 1389 5253 Bohmen.

282 5294 305 5379 6)
328 5302 421 5358 Frind
445 5301 463 5358 l.
490 5319 517 5356 c.
541 5302 563 5357 l.

285 5411 306 5491 7)
330 5415 468 5482 Dobner,
492 5415 624 5470 Monum.
649 5414 717 5470 hist.
741 5414 865 5470 Bohem.
