4252 6112
929 471 1186 544 -74,

275 669 312 724 X.
330 666 575 724 Urkumlenbuch
587 666 640 722 des
652 664 759 721 Stiites
773 664 937 738 Gdttweig,
954 676 1018 719 ent·

189 773 308 830 haltend
321 772 370 828 die
383 772 545 829 Urkunden
557 789 617 826 von
635 783 845 842 1300—1400
857 771 909 824 mit
921 768 1019 824 Nach-

189 885 296 952 tragen
323 897 377 934 aus
404 877 541 932 irtilrerer
566 876 640 931 Zeit.
669 871 698 950 (i.
722 893 748 930 e.
770 873 1018 949 Iliplomatarium

189 1002 268 1039 mon.
286 978 515 1059 Gottticcnsis.)
532 981 609 1035 Man.
629 994 638 1034 1
656 991 727 1035 tom.
745 980 773 1033 in
785 977 899 1033 archiv.
912 975 1018 1032 Gottv.

189 1087 308 1144 adserv.

276 1196 415 1271 Dunkl
432 1207 705 1289 Opportunus
727 1205 1019 1286 (Lunaelacen-

190 1327 271 1405 sis).
288 1327 323 1389 A
340 1327 535 1388 Buchheim
551 1326 586 1389 in
600 1325 747 1388 Austria
763 1324 945 1405 superiore
963 1322 1020 1384 die

194 1471 220 1512 1.
238 1447 316 1512 Oct.
338 1453 417 1526 1728
435 1458 548 1520 natus,
570 1466 662 1509 anno
688 1450 768 1524 1748
789 1445 825 1507 in
846 1455 1021 1507 monaste-

190 1571 241 1633 rio
265 1569 521 1632 Lunaelacensi
549 1570 606 1631 die
634 1573 663 1631 5.
689 1567 767 1631 011.
796 1566 912 1629 emisit
936 1575 1022 1629 vota

129 1681 131 1684 Α
191 1691 384 1773 sollemnia,
406 1701 513 1774 atque
530 1691 587 1753 die
609 1713 633 1753 1.
651 1691 723 1754 Ian.
746 1694 821 1769 1753
839 1689 1021 1752 ordinatus

191 1823 246 1877 est
262 1814 439 1877 sacerdos.
464 1813 524 1875 Ab
537 1833 629 1875 anno
651 1817 728 1892 1757
747 1832 858 1894 usque
875 1813 921 1874 ad
942 1815 1021 1890 1759

192 1934 392 2018 Salisburgi
420 1936 541 1998 docuit
571 1934 831 2017 philosophiam
858 1934 1021 1998 theoreti-

192 2079 269 2121 cam
291 2067 326 2119 et
349 2076 494 2119 munere
515 2056 728 2139 professoris
752 2057 837 2118 iuris
861 2055 1021 2119 canonici

192 2190 320 2261 postea
336 2199 401 2261 per
415 2189 488 2241 tres
504 2199 615 2241 annos
633 2178 667 2240 in
683 2178 870 2241 seminario
886 2179 1023 2260 episco-

193 2302 265 2384 pali
275 2300 479 2363 Pataviensi
493 2311 549 2363 est
556 2300 710 2364 functus.
723 2303 763 2364 In
771 2300 1023 2364 monasterium

193 2424 459 2486 Lunaelacense
475 2424 599 2503 redux,
617 2423 674 2485 die
691 2423 819 2502 p.Nov.
833 2428 912 2502 1773
929 2422 1023 2485 votis

194 2545 409 2608 confratrum
433 2564 574 2607 suorum
599 2545 733 2607 electus
758 2554 813 2607 est
836 2546 960 2624 abbaS,
989 2544 1023 2606 in

196 2686 344 2748 quorum
360 2685 505 2728 numero
521 2665 664 2727 ultimus
681 2676 767 2727 erat.
788 2665 856 2728 Die
865 2672 920 2727 ab.
935 2666 1023 2747 Apr.

200 2795 280 2868 1784
298 2789 356 2869 pie
373 2788 407 2850 in
423 2787 575 2850 Domino
592 2787 816 2851 obdormivit.
834 2786 1001 2868 Scripsit:

283 2915 305 2971 I.
322 2913 482 2990 Specimen
499 2913 672 2969 moderatae
690 2915 775 2969 crisis
793 2916 821 2969 in
838 2932 1024 2970 communem

195 3019 365 3076 scholarum
390 3020 572 3094 opinionem,
598 3037 675 3093 quae
700 3018 910 3093 philosophiae
932 3019 1025 3092 origi·

196 3144 262 3181 nem
283 3123 322 3180 ab
338 3123 456 3180 Adamo
480 3136 511 3179 ct
531 3125 746 3198 antiquissimis
772 3123 869 3179 mundi
896 3122 1025 3179 saeculis

196 3229 327 3286 deducit.
345 3228 526 3302 Salisburgi,
549 3227 638 3300 1758.
656 3235 698 3300 4⁰.

284 3336 321 3391 ΙΙ.
346 3334 514 3389 Tentamen
538 3332 721 3388 concordiae
745 3331 868 3388 duarum
893 3334 970 3387 inter
993 3350 1027 3387 se

196 3439 433 3496 dissentientium
451 3439 479 3493 in
496 3436 608 3492 scholis
625 3439 809 3512 opinionum,
827 3456 952 3511 quarum
969 3455 1028 3492 una

196 3545 325 3621 plurium
350 3562 459 3608 rerum,
484 3545 649 3617 praecipue
670 3554 769 3597 autem
792 3544 878 3598 unius
895 3544 1027 3617 supremi

197 3650 324 3704 numinis
341 3668 409 3703 csse
425 3649 554 3702 innatam
572 3647 666 3706 ideam
685 3649 803 3711 asserit,
820 3646 914 3702 altera
927 3659 1028 3721 negat.

198 3752 273 3809 lbid.
296 3753 385 3826 1758.
403 3759 446 3825 40.

286 3859 338 3914 llI.
366 3858 395 3913 T
397 3870 536 3914 entamen
563 3856 688 3912 alterum
716 3855 900 3912 concordiae
928 3855 1029 3911 itidem

198 3962 392 4018 vehementer
408 3961 613 4018 dissidentium
628 3963 811 4036 opinionum,
829 3980 954 4036 quarum
971 3979 1030 4016 una

199 4066 409 4122 authoritatem
440 4068 468 4122 in
499 4065 702 4141 philosophia,
732 4065 826 4120 altera
854 4064 1028 4121 eclecticam

200 4169 367 4226 libertatem
395 4170 581 4226 retinendam
606 4189 673 4227 csse
698 4181 881 4245 propugnat.
915 4167 1029 4225 ibidem

205 4274 295 4350 1758.
313 4282 355 4347 4⁰.

288 4381 338 4437 lV.
355 4379 496 4455 Systema
516 4382 607 4435 mutui
630 4381 802 4435 commercii
824 4381 901 4434 inter
917 4372 1030 4452 co'rpus

201 4499 232 4541 11
247 4488 373 4541 animam
390 4483 524 4541 breviter
539 4486 720 4559 expositum.
738 4480 813 4539 lbid.
837 4496 927 4556 1759.
944 4488 987 4554 4⁰.

288 4591 324 4647 V.
351 4590 414 4646 Der
437 4591 531 4646 Vater
558 4588 617 4644 voll
646 4589 700 4645 der
726 4587 838 4654 Liebe‚
867 4587 948 4644 Gdte
972 4586 1031 4642 und

201 4697 304 4753 Ehren
328 4697 357 4751 in
380 4697 463 4751 einer
487 4680 680 4750 Traucrrede
707 4692 760 4749 aus
783 4692 841 4749 den
865 4692 893 4747 T
895 4692 934 4749 od
958 4693 1032 4747 Ber·

202 4801 302 4865 nards‚
319 4799 419 4857 Abten
435 4803 464 4856 in
481 4799 636 4856 Mondsee.
659 4796 689 4874 (1.
706 4816 733 4854 1.
756 4797 879 4854 Laudes
899 4796 1031 4853 defuncti

202 4905 323 4964 abbatis
338 4903 483 4962 Bernardi
500 4900 759 4981 Lunaelacensis.)
777 4901 851 4960 lbid.
869 4904 899 4958 in
916 4901 966 4958 tot.

291 5049 552 5148 Dzaghikian
579 5062 756 5144 Mesrop.
793 5060 1033 5144 (Mechitha-

105 5174 111 5191 '
205 5180 332 5262 rista),
364 5181 672 5263 Constantinopoli
700 5181 810 5243 11115.
836 5180 923 5242 Dee.
952 5182 1032 5242 1828

206 5313 326 5381 natus,
359 5303 520 5367 Viennae
555 5304 590 5366 in
622 5305 725 5366 Aust.
757 5301 882 5365 habitu
918 5320 944 5362 s.
976 5300 1034 5363 die

206 5429 235 5487 8.
252 5423 340 5485 Dec.
362 5428 441 5503 1844
458 5425 611 5504 indutus,
629 5425 686 5487 die
703 5447 733 5502 4.
751 5423 830 5487 011.
852 5427 933 5502 1846
949 5431 1035 5485 vota

1099 658 1224 740 emisit,
1249 668 1285 720 et
1302 658 1359 720 die
1381 679 1405 719 1.
1421 657 1508 719 Maii
1529 659 1607 718 1853
1626 667 1855 718 consecratus
1872 666 1929 717 est

1099 782 1298 863 presbyter.
1329 780 1400 842 Per
1419 780 1554 860 aliquot
1574 799 1687 842 annos
1710 779 1777 842 fuit
1793 778 1930 840 missio-

1099 902 1219 965 narius
1231 902 1450 984 apostolicus
1462 899 1647 984 Smyrnae.
1664 901 1724 964 Ab
1737 921 1831 964 anno
1849 906 1925 962 1801

1098 1025 1134 1087 in
1151 1026 1276 1088 eadem
1292 1023 1437 1087 civitate
1449 1024 1591 1106 peregit
1603 1022 1758 1089 officium
1770 1023 1930 1105 superio·

1099 1147 1147 1209 ris
1157 1149 1282 1210 domus
1292 1146 1476 1225 missionis,
1491 1157 1564 1208 tum
1578 1146 1762 1209 directoris
1774 1146 1810 1207 in
1823 1146 1930 1208 colle-

1100 1269 1160 1352 gio
1182 1269 1352 1332 Mechith.
1386 1270 1473 1331 Inde
1500 1269 1727 1331 transmissus
1755 1278 1811 1330 est
1835 1287 1931 1330 anno

1105 1396 1181 1471 1871
1203 1391 1556 1473 Constantinopolim,
1580 1391 1640 1454 ubi
1657 1393 1703 1453 ad
1723 1391 1933 1454 hodiernam

1102 1516 1194 1578 diem
1212 1514 1423 1577 missionarii
1436 1514 1624 1595 apostolici
1637 1535 1762 1578 munus
1776 1517 1932 1598 peragit.

1189 1637 1309 1718 Opera
1325 1637 1400 1699 eius
1417 1636 1452 1699 in
1467 1638 1553 1720 ling.
1570 1638 1808 1700 Neo-armena
1831 1639 1932 1721 typis

1101 1760 1285 1821 mandata:

1189 1887 1367 1965 1111111711
1387 1883 1486 1958 111δρ11
1508 1888 1616 1965 (mm,
1640 1889 1658 1943 i.
1681 1906 1707 1944 e.
1729 1889 1808 1944 Petri
1831 1890 1934 1963 Magni

1102 1991 1337 2047 Moscovitarum
1363 1991 1553 2066 imperatoris
1570 1994 1650 2048 vitae
1671 1992 1936 2048 reformationum·

1102 2115 1161 2171 que
1177 2096 1311 2152 historia.
1328 2096 1471 2163 Viennae,
1489 2098 1568 2172 typis
1584 2097 1725 2153 Mechith.
1748 2096 1837 2169 1856.

1190 2201 1226 2257 ΙΙ.
1257 2196 1605 2279 Ιξζρωμςῶφμηιβρὡ,
1635 2203 1652 2258 1.
1680 2222 1706 2258 1.
1735 2201 1936 2279 Geographia

1103 2303 1226 2384 (brevis)
1243 2305 1376 2381 politica.
1394 2306 1537 2372 Viennae,
1555 2308 1634 2382 typis
1651 2307 1793 2363 Mechith.
1816 2301 1906 2381 1857.

1188 2453 1327 2526 Ecker'
1356 2467 1551 2531 Urbanus
1589 2470 1936 2549 (Admontensis).

1103 2585 1274 2648 Honestis
1304 2585 1340 2648 in
1372 2584 1567 2649 Graecensi
1602 2591 1689 2649 urbe
1725 2589 1937 2670 parentibus

1104 2707 1272 2770 oriundus
1304 2728 1333 2771 2.
1360 2708 1447 2771 Dec.
1476 2728 1570 2790 1791,
1599 2720 1937 2792 votorumcompos

1104 2831 1222 2894 factus
1238 2839 1293 2893 est
1306 2830 1505 2893 Admontes
1523 2852 1548 2894 1.
1561 2832 1656 2914 Aug.
1675 2837 1752 2895 1813
1768 2843 1803 2895 11
1816 2834 1938 2914 primi-

1105 2953 1174 3017 tias
1197 2952 1392 3016 celebravit
1417 2974 1467 3031 24.
1488 2952 1567 3016 011.
1596 2958 1686 3017 1813.
1711 2955 1751 3017 In
1773 2956 1939 3019 instituto

1106 3096 1185 3140 cum
1202 3076 1447 3157 philosophico
1467 3085 1542 3138 tum
1558 3077 1759 3160 theologico
1778 3078 1939 3140 Admon-

1106 3198 1198 3262 tensi
1210 3198 1448 3280 professorem
1456 3219 1592 3261 summa
1605 3220 1683 3262 cum
1694 3200 1799 3262 laude
1813 3221 1939 3283 agens,

1111 3342 1217 3386 curae
1237 3322 1432 3384 animarum
1452 3321 1488 3382 in
1503 3321 1588 3383 Hall
1608 3341 1754 3403 operam
1771 3322 1880 3403 dedit,
1903 3333 1941 3385 et

1107 3445 1345 3508 bibliothecae
1372 3463 1544 3506 unacum
1567 3443 1711 3506 archivo
1735 3443 1942 3525 praefectus

1108 3568 1308 3632 indefessus
1325 3566 1511 3646 laboravit,
1525 3587 1737 3648 quamquam
1754 3567 1941 3631 arthritide

1107 3689 1418 3755 vehementissime
1435 3689 1661 3754 cruciaretur.
1680 3689 1874 3752 Doloribus
1889 3691 1941 3752 in-

1108 3815 1216 3878 finitis
1228 3816 1372 3877 tandem
1387 3822 1618 3893 consumptus
1635 3812 1724 3875 obiit
1740 3812 1793 3875 vir
1810 3812 1942 3874 doctis-

1109 3937 1217 4001 simus
1235 3948 1271 4000 et
1287 3935 1580 4019 diligentissimus
1598 3956 1648 3997 20.
1664 3936 1728 3997 Iul.
1751 3940 1841 4013 1841.

1196 4066 1218 4122 I.
1228 4064 1349 4121 Bericht
1361 4061 1436 4119 iiber
1448 4062 1505 4119 den
1515 4063 1673 4139 Ursprung
1685 4062 1739 4118 der
1750 4063 1789 4118 W
1791 4062 1942 4118 1111111111-

1109 4172 1213 4227 kirche
1230 4168 1400 4244 Wildalpen
1418 4170 1447 4223 in
1464 4166 1652 4224 Obersteier.
1669 4163 1739 4244 (1.1.
1758 4168 1804 4223 De
1821 4169 1941 4240 origine

1110 4275 1364 4352 peregrinationis
1384 4291 1489 4329 sacrae
1510 4272 1547 4328 ad
1569 4271 1725 4328 ecclesiam
1744 4269 1942 4348 Wildalpen.)

1115 4379 1205 4452 1833.
1223 4378 1267 4435 80.

1198 4485 1234 4540 11.
1258 4481 1501 4539 Geschichtliche
1518 4481 1616 4536 Daten
1641 4501 1676 4536 zu
1700 4483 1784 4537 einer
1805 4481 1943 4537 Darstel·

1112 4588 1183 4663 lung
1195 4587 1249 4643 des
1262 4585 1369 4642 Stistes
1378 4585 1510 4642 Admont
1521 4584 1710 4641 hinsichtlich
1724 4587 1823 4641 seines
1836 4587 1943 4659 geisti-

1111 4711 1185 4768 gen,
1209 4689 1517 4748 wissenschaltlichen
1541 4689 1599 4746 und
1623 4688 1837 4764 burgerlichen
1861 4690 1944 4746 Wir·

1111 4797 1187 4854 kens
1203 4814 1262 4852 von
1279 4795 1333 4852 der
1349 4796 1415 4851 Zeit
1428 4796 1528 4851 seiner
1543 4793 1713 4868 Grllndung
1734 4793 1781 4850 bis
1802 4791 1878 4849 iiber
1893 4793 1942 4849 die

1112 4903 1197 4958 Mitte
1214 4900 1268 4956 des
1288 4898 1335 4957 18.
1352 4898 1596 4975 Jahrhundertes.
1622 4894 1696 4976 (1.1,
1717 4900 1828 4954 Notata
1849 4916 1942 4972 quae-

1112 5006 1179 5062 dam
1197 5005 1341 5062 historica
1357 5021 1435 5059 mon.
1449 5002 1537 5059 Adm.
1556 4999 1789 5080 concernentia.)
1807 5003 1897 5058 Mser.
1916 5003 1944 5057 in

1112 5110 1225 5167 archiv.
1243 5109 1382 5165 Admont.

1200 5215 1252 5271 111.
1273 5212 1375 5271 Ueber
1389 5213 1444 5270 das
1460 5213 1601 5289 Wappen
1617 5211 1672 5268 des
1687 5209 1793 5268 Stiltes
1810 5210 1943 5266 Admont

1113 5320 1172 5376 und
1186 5316 1402 5376 seinerAebte.
1417 5315 1518 5375 Ueber
1531 5316 1588 5373 den
1597 5316 1759 5373 Rathstitel
1772 5315 1826 5371 der
1835 5312 1942 5371 Aebte.

1113 5421 1144 5503 (1.
1168 5442 1195 5480 1.
1220 5423 1267 5479 De
1291 5423 1400 5497 insigni
1425 5440 1504 5478 mon.
1529 5433 1560 5477 11
1583 5419 1725 5477 abbatum
1742 5439 1798 5476 nec
1824 5436 1883 5475 non
1907 5417 1945 5474 de
