4222 6106
904 483 1187 553 ..115-

213 666 375 749 supplentis
390 686 537 729 munere
557 665 710 748 functuS,
732 686 797 748 per
817 668 1006 731 triennium

206 791 386 852 candidatus
409 789 604 872 magisterii
628 789 663 852 in
684 789 779 853 univ.
795 791 948 853 Vindob.
970 791 1006 853 in

1086 675 1159 727 tum
1173 664 1366 747 ingressus.
1382 665 1538 746 Expleto
1551 686 1643 728 anno
1657 667 1820 747 sequenti
1834 673 1913 747 1737

1085 786 1258 869 tyrocinio
1289 788 1413 849 eodem
1439 791 1490 850 28.
1515 786 1593 851 Oct.
1622 797 1706 851 vota
1733 789 1915 852 sollemnia

196 908 371 973 litterarum
400 911 519 973 studia
546 911 720 992 incubuit,
747 912 875 992 quibus
902 915 1005 974 abso·
1044 912 1047 1003 l
1085 908 1210 988 emisit,
1223 928 1334 970 annos
1346 909 1475 971 aetatis
1487 910 1624 972 habens
1641 930 1766 989 17cum
1775 913 1914 974 duobus

189 1031 270 1096 lutis
281 1053 365 1097 anno
386 1038 465 1112 1872
483 1033 736 1115 professorium
756 1033 897 1116 linguas
917 1034 1005 1095 clas·
1044 1006 1047 1149 Ι
1085 1031 1275 1094 mensibus.
1288 1030 1444 1093 Musices
1457 1043 1595 1095 amator
1608 1043 1645 1095 et
1657 1034 1793 1115 peritus
1805 1034 1916 1097 frater

184 1155 275 1218 sicas
284 1156 431 1218 docendi
442 1175 570 1218 munus
581 1155 724 1236 repetiit
736 1154 900 1236 idemque
912 1175 1005 1217 anno

186 1282 268 1356 1878
280 1278 454 1340 convictui
469 1277 673 1340 monasterii
692 1276 1005 1340 Seitenstadiensis

180 1410 246 1465 est
256 1399 460 1480 praefectus.
485 1397 651 1481 Scripsit:

265 1542 637 1600 DerBenedictinerorden
649 1542 708 1600 und
717 1543 985 1599 dieWissenschal
998 1585 1005 1598 .

183 1647 308 1722 Predigt,
317 1648 457 1722 gebalten
469 1647 519 1710 bei
529 1647 730 1723 Gelegenheit
742 1647 796 1704 der
808 1647 1005 1703 eilfhundert·

182 1753 310 1833 jabrigen
335 1751 501 1828 Jubelleier
531 1752 586 1809 des
616 1751 723 1808 Stistes
752 1753 1004 1808 Kremsmlinster.

192 1856 226 1937 (i.
239 1874 258 1910 e.
267 1855 344 1913 Ordo
356 1856 619 1913 Benedictinorum
632 1868 664 1912 et
676 1856 803 1912 litterae.
820 1856 934 1911 Concio
952 1856 1004 1910 ha·

189 1960 416 2027 maerentem,
427 1981 494 2050 cum
508 1960 664 2018 sollemnia
672 1961 839 2016 saecularia
848 1960 1004 2016 undecima

200 2066 273 2123 huius
286 2067 454 2123 monasterii
471 2062 655 2144 agerentur.)
673 2065 756 2132 Linz,
774 2064 890 2133 Quirin.
912 2063 1002 2137 1878.

273 2244 439 2319 Gerbert
475 2245 528 2317 ab
564 2246 739 2319 Homau
776 2257 1002 2320 Martinus

206 2371 395 2454 (Princeps
416 2374 547 2435 abbas
564 2371 921 2456 San-Blasianus),
943 2395 1003 2437 na-

208 2504 252 2556 tus
261 2494 455 2557 estHorbae
467 2496 514 2557 ad
525 2496 692 2558 Nicarum
708 2497 853 2560 civitate
868 2506 1004 2560 -tunc

211 2615 357 2678 anterioris
365 2616 1003 2701 Austriae—nuncWiirtembergiae

214 2736 256 2797 die
279 2756 315 2800 12.
339 2739 433 2822 Aug.
464 2759 559 2818 1720;
587 2740 696 2801 Pater
721 2740 900 2802 Antonius
928 2750 1004 2803 erat

141 2842 143 2847 ¹
217 2856 334 2922 eiusdem
346 2861 499 2924 civitatis
512 2862 730 2944 capitaneus,
739 2863 900 2943 patrinus
909 2864 1003 2945 prin·

218 2994 279 3058 ceps
295 2983 394 3045 abbas
418 2983 595 3046 Murensis
611 2984 779 3047 Placidus
796 2985 1002 3049 Zurlauben.

220 3095 349 3166 Puerulus
363 3109 380 3168 5
396 3126 567 3168 annorum
583 3107 741 3189 graviter
756 3114 935 3189 aegrotuS,
952 3107 1002 3169 in-

151 3262 154 3267 ·
221 3221 310 3285 cendio
321 3227 410 3289 urbis
425 3228 563 3309 patriae
586 3237 740 3310 ereptus,
763 3238 890 3309 postea
908 3229 1002 3291 rudi·

222 3352 305 3405 menta
313 3347 445 3431 linguae
457 3349 607 3411 Latinae
619 3349 779 3432 Ehingae
797 3351 1002 3432 auspicatus

147 3528 151 3533 .
226 3468 272 3533 θὸῒ;
287 3465 395 3532 deinde
415 3471 608 3533 translatus
628 3471 840 3554 Friburgum
857 3472 1001 3555 Brisgo-

145 3572 166 3623 ι’
223 3577 278 3642 viae
297 3593 534 3668 grammaticae
561 3593 706 3656 navavit
733 3613 878 3675 operam
905 3596 1001 3675 apud

1086 1151 1233 1213 clericus
1260 1154 1375 1215 adhuc
1402 1154 1528 1216 missas
1555 1156 1690 1235 aliquot
1717 1157 1916 1237 composuit

1086 1282 1193 1354 atque
1211 1272 1389 1337 offertoria
1410 1296 1475 1356 pro
1496 1277 1598 1339 festis
1614 1278 1755 1340 Domini
1778 1288 1815 1341 et
1835 1299 1916 1342 san·

1086 1405 1231 1477 ctorum,
1248 1416 1340 1477 quae
1356 1417 1507 1460 unacum
1525 1400 1566 1461 iis
1579 1401 1618 1463 P.
1632 1401 1790 1483 Remigii
1803 1403 1915 1464 Klee-

1087 1519 1192 1579 sattel
1206 1519 1301 1600 typis
1311 1519 1498 1601 Augustae
1507 1522 1771 1585 Vindelicorum
1781 1525 1914 1605 publici

1085 1637 1170 1699 iuris
1186 1638 1304 1701 factae
1320 1640 1429 1705 fuere.
1453 1642 1552 1705 Haec
1574 1642 1829 1707 offertoriorum
1850 1667 1914 1727 pu·

1084 1759 1228 1821 blicatio
1255 1762 1402 1824 multum
1427 1774 1553 1844 postea
1579 1766 1732 1828 animum
1756 1769 1911 1831 auctoris

1084 1881 1227 1963 afflixit,
1254 1883 1495 1948 fastidientem
1523 1889 1628 1951 immo
1653 1891 1914 1954 abominantem

1085 2003 1256 2067 eiusmodi
1273 2008 1441 2070 musicam
1463 2010 1775 2076 instrumentalem.
1799 2014 1913 2076 Theo-

1082 2126 1201 2207 logiae
1215 2129 1424 2191 candidatus
1437 2132 1725 2196 scholasticarum
1735 2135 1912 2216 quaestio-

1083 2266 1165 2307 num
1188 2256 1224 2310 et
1244 2249 1515 2331 sophisticarum
1532 2254 1697 2317 tricarum
1718 2275 1799 2318 osor
1814 2276 1912 2319 acer-

1083 2369 1201 2451 rimus,
1224 2379 1337 2434 totum
1358 2375 1557 2470 theologiae
1575 2379 1809 2461 dogmaticae,
1832 2399 1912 2442 san-

1084 2501 1220 2553 ctorum
1233 2504 1372 2574 patrum
1384 2505 1419 2559 et
1432 2498 1658 2561 conciliorum
1671 2501 1788 2563 studio
1802 2520 1840 2563 se
1852 2503 1911 2563 de·

1084 2614 1145 2693 dit,
1163 2634 1309 2696 quorum
1327 2619 1468 2699 quidem
1481 2621 1666 2683 sententiis
1683 2623 1815 2686 referta
1831 2635 1912 2687 sunt

1085 2737 1202 2798 omnia
1223 2739 1298 2800 eius
1319 2759 1429 2821 opera
1445 2743 1654 2825 theologica.
1679 2745 1857 2809 Absoluto
1875 2746 1911 2809 in

1084 2857 1211 2921 scholis
1233 2881 1337 2923 cursu
1358 2864 1568 2945 theologico,
1593 2867 1733 2945 plenam
1756 2877 1910 2931 aetatem

1083 2982 1128 3041 ad
1150 2984 1386 3045 sacerdotium
1404 3005 1482 3046 cum
1498 3005 1568 3048 non
1583 2987 1741 3069 haberet,
1764 2990 1911 3051 ductore

1082 3102 1122 3165 P.
1139 3102 1329 3167 Laurentio
1343 3104 1470 3188 Gump,
1487 3109 1744 3172 mathematicis
1757 3111 1911 3192 discipli-

1083 3224 1136 3284 nis
1152 3224 1218 3287 rite
1234 3226 1432 3308 informat0,
1450 3248 1595 3310 operam
1608 3231 1705 3293 dedit
1717 3233 1910 3296 arithmeti-

1082 3365 1145 3407 cae
1167 3357 1203 3408 et
1223 3349 1401 3429 algebrae.
1435 3351 1541 3413 Anno
1566 3372 1646 3431 1744
1670 3354 1728 3415 die
1751 3359 1802 3418 30.
1824 3355 1910 3417 Maii

1082 3469 1271 3549 presbyter
1291 3471 1483 3552 ordinatus,
1505 3473 1647 3536 biennio
1670 3485 1753 3556 post
1776 3477 1910 3538 theolo-

1082 3588 1176 3669 giam
1199 3593 1436 3673 dogmaticam
1458 3595 1651 3658 iunioribus
1673 3597 1910 3660 confratribus

223 3694 248 3759 P·
260 3701 288 3767 Ρ.
304 3715 471 3778 societatis
492 3715 589 3796 Iesu,
616 3715 744 3796 quibus
767 3716 1001 3779 renitentibus
1040 3764 1043 3799 ,
1081 3713 1221 3774 tradere
1239 3715 1366 3795 coepit,
1388 3726 1424 3777 et
1444 3717 1608 3779 absoluto
1629 3737 1732 3780 cursu
1752 3719 1827 3781 fere
1849 3722 1908 3782 de·

222 3818 326 3894 afrano
338 3856 504 3918 germano
516 3837 545 3899 F
547 3838 707 3901 rancisco
725 3839 862 3900 occulte
879 3848 915 3900 et
930 3839 1001 3900 fur·

222 3935 270 4002 file
291 3959 373 4033 quasi
400 3961 447 4022 ad
470 3979 501 4022 s.
529 3960 687 4022 Blasium
719 3962 893 4023 deductus
923 3961 999 4024 fuit.

221 4053 382 4145 Magistrum
411 4081 538 4144 habuit
564 4083 603 4146 P.
632 4081 843 4164 Gregorium
871 4083 999 4163 Reble,

1082 3853 1157 3894 cern
1173 3854 1353 3917 annorum,
1374 3838 1630 3901 bibliothecarii
1647 3860 1772 3902 munus
1794 3862 1836 3904 eo
1858 3844 1914 3905 lu··

1080 3956 1222 4018 bentius
1243 3977 1321 4019 cum
1338 3960 1549 4040 exceptione
1570 3982 1591 4022 a
1611 3963 1718 4024 choro
1739 3965 1907 4047 suscepit,

1081 4097 1150 4157 quo
1170 4079 1218 4139 nil
1238 4079 1286 4140 illi
1305 4081 1420 4142 carius
1439 4082 1692 4165 acceptiusque
1707 4084 1784 4166 fuit,
1802 4106 1908 4166 quam

202 4180 377 4267 ‚cultioribus
391 4202 520 4264 litteris
536 4203 603 4266 rite
617 4203 800 4284 imbutum,
822 4205 877 4266 cui
893 4204 1001 4266 libros
1080 4201 1206 4263 studiis
1230 4222 1372 4274 vacare:
1397 4214 1505 4286 atque
1530 4207 1656 4268 abhinc
1679 4208 1789 4270 totius
1813 4209 1909 4272 vitae

215 4291 329 4403 Iitillos,
341 4324 508 4386 classicos
520 4326 730 4406 praesertim
742 4328 880 4389 occulte
896 4327 1001 4389 surri-

211 4423 276 4515 puit,
295 4454 323 4506 et
343 4446 377 4510 in
401 4448 591 4529 campanili
613 4449 842 4511 absconditos
865 4469 1000 4511 recrea-

208 4533 310 4628 ti⁰¹111m
323 4569 415 4632 horis
435 4570 579 4651 evolvit,
599 4572 693 4633 haud
715 4572 898 4654 vulgarem
919 4572 1000 4633 inde

203 4649 323 4752 &tinae
336 4691 480 4775 linguae
497 4712 597 4754 usum
610 4693 678 4755 iam
692 4693 727 4755 in
739 4694 869 4755 scholis
881 4695 1000 4755 huma·

197 4778 330 4875 nioribus
355 4825 496 4896 nactus,
530 4835 634 4896 quern
666 4815 701 4878 in
731 4816 898 4897 operibus
926 4816 1000 4877 eius

192 4912 277 4994 prelo
305 4936 498 4999 commissis
534 4937 723 4999 laudarunt
759 4938 863 5000 docti.
903 4938 1000 4999 Duo·

190 5020 297 5119 dennis
316 5058 425 5141 igitur
438 5078 528 5141 puer
543 5069 712 5141 suscepto
728 5060 851 5121 habitu
867 5061 1000 5141 togatis

190 5165 214 5219 ⁸·
228 5167 324 5243 Blasii
339 5181 559 5245 scholaribus
575 5181 642 5244 fuit
657 5182 871 5264 adsociatus,
893 5193 930 5245 et
946 5203 999 5244 se·

1079 4333 1230 4405 tempuS,
1255 4326 1415 4407 exceptis
1435 4326 1630 4390 officiorum
1651 4329 1814 4412 negotiiS,
1839 4333 1909 4394 lec-

1080 4445 1165 4508 tioni
1179 4456 1216 4508 et
1228 4446 1411 4527 scriptioni
1423 4449 1634 4529 optimorum
1646 4450 1813 4514 librorum
1826 4472 1908 4516 con-

1080 4568 1242 4630 secravit.
1274 4568 1417 4631 Initium
1440 4571 1617 4633 scribendi
1644 4571 1730 4635 fecit
1757 4593 1777 4634 a
1804 4576 1907 4655 praxi

1080 4691 1240 4771 regulae,
1266 4711 1312 4753 ex
1339 4690 1476 4754 Gallica
1503 4693 1538 4755 in
1560 4693 1723 4756 Latinam
1749 4696 1909 4777 linguam·

1079 4815 1261 4878 translata.
1285 4815 1508 4895 Adparatum
1525 4816 1654 4879 deinde
1675 4828 1711 4880 et
1730 4817 1904 4899 principia

1080 4937 1291 5018 theologiae,
1304 4937 1444 5018 aliaque
1458 4939 1639 5019 complura
1651 4959 1760 5021 opera
1773 4939 1906 5001 theolo-

1080 5059 1161 5141 gica
1178 5070 1213 5120 et
1228 5058 1395 5120 historica
1411 5059 1630 5140 conscripsit,
1649 5079 1795 5141 quorum
1812 5062 1907 5124 elen-

1081 5183 1166 5244 chus
1193 5181 1289 5263 typis
1313 5180 1505 5262 impressus
1528 5190 1676 5263 prostat.
1706 5181 1906 5265 Insigniora

192 5276 285 5364 sittim
299 5324 470 5367 annorum
490 5304 628 5367 iuvenis
653 5324 745 5367 anno
770 5308 850 5382 1736
875 5306 931 5366 die
949 5310 998 5367 28.
1040 5376 1042 5385 Ι
1080 5324 1175 5383 vem,
1193 5322 1285 5383 quae
1300 5313 1374 5364 tum
1391 5304 1599 5365 elucubrare
1620 5313 1656 5365 et
1676 5304 1782 5367 edere
1804 5324 1906 5385 para-

196 5405 255 5487 011.
275 5445 353 5488 cum
377 5445 505 5489 novem
528 5426 634 5489 sociis
659 5427 827 5490 studiosis
852 5427 1000 5490 novitia·
1039 5390 1042 5499 i
1079 5427 1152 5507 bat,
1169 5445 1278 5506 opera
1293 5425 1407 5488 fuere:
1431 5427 1487 5488 De
1510 5425 1644 5487 musica
1664 5434 1700 5488 et
1721 5436 1828 5490 cantu
1850 5447 1907 5490 ec-

1648 5531 1698 5593 15*
