4252 6112
920 471 1201 538 ,124-

189 659 276 720 bare
308 655 536 718 adnitebatur
565 673 610 715 ex
640 653 861 715 documentis
887 653 1022 716 archivi
1060 674 1063 759 J
1102 654 1250 736 aliisque
1276 654 1377 717 donis
1400 656 1609 717 honoratum
1635 655 1777 737 dimisit,
1802 656 1935 718 oblatis

191 778 350 843 Blasiani
375 799 396 839 a
417 797 455 839 se
477 776 657 857 inspectiS,
674 795 795 838 verum
813 776 954 839 sinistre
971 777 1022 838 in·
1060 762 1063 815 ἶ
1102 775 1295 856 praeclaris
1315 776 1458 838 honoris
1480 777 1591 839 titulis
1608 787 1644 839 et
1660 778 1934 859 praerogativis,

191 901 355 966 tellectis.
379 900 425 962 Et
445 898 649 980 praefectus
670 898 797 960 aerarii
818 897 952 979 publici
975 899 1021 959 ab
1103 917 1191 978 quas
1207 907 1327 959 tamen
1342 899 1456 959 abbas
1468 900 1629 960 modeste
1641 899 1831 962 recusavit.
1848 900 1936 961 Ter-

190 1023 413 1106 imperatrice
436 1023 616 1084 decretum
635 1021 783 1084 extorsit
799 1022 846 1082 ad
861 1021 1021 1104 regimen
1060 986 1063 1083 i
1101 1019 1189 1082 tium
1210 1019 1278 1081 iter
1299 1019 1383 1082 fecit
1408 1041 1500 1081 anno
1526 1025 1604 1098 1782
1631 1024 1677 1083 ob
1701 1021 1874 1103 pietatem
1899 1030 1937 1083 et

191 1146 431 1227 Friburgense
448 1146 579 1225 datum,
600 1143 753 1231 vinculus
769 1143 1021 1206 monasterium
1102 1141 1336 1204 reverentiam
1351 1162 1437 1223 erga
1446 1141 1575 1205 Christi
1589 1142 1623 1205 in
1636 1144 1739 1205 terris
1751 1143 1935 1225 vicarium,

191 1288 218 1332 s.
243 1267 355 1329 Blasii
381 1277 575 1348 proventus
602 1265 750 1327 istarum
777 1265 1021 1348 dynastiarum
1101 1282 1274 1325 summum
1287 1262 1491 1343 pontificem
1503 1263 1605 1326 Pium
1615 1265 1686 1346 VI,
1701 1264 1760 1346 qui
1773 1265 1936 1327 inaudito

191 1390 358 1452 continuo
378 1388 545 1469 indicare,
567 1388 673 1450 etius
690 1387 882 1470 colligendi
903 1387 1021 1449 domui
1060 1426 1063 1443 ·
1102 1406 1123 1447 a
1140 1385 1292 1447 saeculis
1309 1386 1485 1467 exemplo,
1510 1396 1545 1449 et
1569 1385 1701 1449 affectu
1723 1389 1804 1468 plus
1826 1408 1936 1468 quam

191 1512 404 1574 Austriacae
432 1512 497 1572 sub
525 1510 796 1573 comminatione
824 1508 1021 1572 exactionis
1101 1517 1251 1589 paterno
1282 1509 1427 1590 longum
1458 1508 1525 1570 iter
1556 1510 1732 1591 suscepit,
1768 1519 1807 1571 ut
1837 1511 1937 1572 Iose-

191 1655 257 1717 per
275 1634 404 1696 milites
427 1634 554 1696 cedere
578 1633 778 1696 iubebatur.
802 1633 862 1694 Ad
885 1641 1021 1694 tantam
1060 1662 1063 1871 ,
1101 1633 1210 1713 phum
1226 1631 1271 1694 II.
1293 1631 1543 1713 imperatorem
1565 1643 1647 1696 cont
1650 1653 1687 1694 ra
1704 1653 1842 1695 sacram
1860 1632 1937 1694 hie·

191 1757 362 1820 iacturam
378 1756 554 1818 redituum
571 1756 812 1834 avertendam,
832 1764 980 1836 rogatus
1000 1774 1022 1815 a
1102 1754 1274 1816 rarchiam
1284 1764 1320 1817 et
1333 1754 1408 1816 iura
1421 1754 1598 1836 pontificis
1608 1775 1720 1835 prava
1729 1756 1937 1818 molientem

192 1879 349 1961 capitulo
372 1877 542 1939 Blasiano
570 1886 607 1938 et
634 1877 740 1958 plena
767 1885 947 1957 potestate
971 1874 1021 1936 in-
1060 1886 1064 1960 l
1101 1877 1148 1937 ad
1175 1876 1350 1938 saniorem
1377 1896 1520 1938 sensum
1548 1887 1743 1940 revocaret
1778 1877 1936 1940 Nuntius

192 2010 358 2080 structus,
374 2018 448 2060 rem
464 1999 555 2061 hanc
572 1997 791 2079 conficiendi,
812 1997 933 2079 prouti
953 1996 1021 2079 ipsi
1060 1979 1063 2013 ³
1101 1998 1319 2080 apostolicus
1348 2018 1466 2061 comes
1496 2000 1540 2060 de
1565 1997 1736 2079 Garampi
1764 2002 1937 2062 abbatem

192 2122 308 2185 visum
335 2121 456 2202 fuerit,
485 2119 612 2183 iterum
637 2121 812 2213 Viennam
840 2118 1021 2200 profectus
1060 2194 1063 2219 Ι
1101 2119 1293 2182 Martinum
1306 2120 1467 2201 repetitis
1482 2121 1609 2183 litteris
1623 2121 1756 2203 quippe
1769 2123 1936 2203 urgebat,

192 2254 258 2308 est.
274 2243 408 2306 Verum
424 2245 613 2324 plerosque
636 2243 738 2304 aulae
755 2261 945 2304 caesareae
960 2241 1022 2303 mi·
1060 2252 1063 2325 j
1101 2252 1140 2304 ut
1163 2242 1339 2304 Viennam
1368 2244 1561 2305 adveniens
1588 2243 1813 2306 Sanctissimo
1839 2245 1938 2324 patri

193 2365 322 2429 nistros
346 2374 382 2426 et
405 2364 624 2427 consiliarios
648 2364 683 2427 in
707 2364 774 2425 hac
799 2383 907 2426 causa
931 2363 1022 2424 male
1060 2328 1063 2469 1
1101 2364 1177 2426 iura
1193 2385 1257 2426 sua
1274 2375 1308 2427 et
1325 2365 1497 2428 ecclesiae
1515 2365 1607 2427 tueri
1624 2366 1768 2447 volenti,
1786 2366 1936 2428 consilio

192 2497 476 2570 praeoccupatos
492 2486 638 2567 invenit,
660 2498 803 2567 praeter
819 2505 1021 2567 supremum
1060 2486 1063 2591 l
1101 2488 1245 2549 adesset
1261 2495 1296 2549 et
1308 2488 1522 2551 adiumento,
1544 2488 1645 2551 Licet
1658 2489 1781 2551 abbati
1795 2490 1936 2551 animus

193 2611 295 2673 aulae
322 2610 535 2690 ministrum,
564 2608 760 2690 principem
788 2607 945 2670 Kaunitz
977 2609 1021 2669 de
1060 2594 1063 2665 ἶ
1101 2609 1386 2690 promptissimus
1399 2620 1504 2692 esset,
1514 2611 1575 2672 vix
1586 2610 1671 2692 quid
1684 2610 1858 2692 proficere
1872 2632 1936 2695 po-

167 2724 169 2729 ’
193 2733 382 2815 Rietberg,
396 2741 521 2814 utpote
533 2731 659 2794 iuriurn
674 2731 813 2812 imperii
825 2733 918 2792 bene
930 2730 1021 2813 peri-
1101 2731 1237 2814 tuisset,
1259 2753 1337 2795 cum
1358 2733 1436 2814 ipse
1458 2753 1614 2796 summus
1635 2733 1798 2815 pontifex
1815 2746 1936 2814 pater-

193 2866 277 2938 tum,
287 2864 522 2936 paratumque
534 2856 580 2916 ad
594 2874 636 2916 ea
649 2854 756 2916 etiam
770 2862 892 2916 contra
905 2854 1022 2915 aulam
1102 2854 1155 2916 nis
1168 2855 1319 2937 monitis‘,
1332 2857 1509 2938 precibus,
1524 2857 1744 2938 gravissimis
1757 2857 1936 2919 rationum

193 2979 336 3059 tuenda,
363 2977 422 3059 qui
446 2996 575 3039 causae
600 2975 856 3039 discussionem
873 2977 918 3037 ad
934 2974 1023 3057 legi-
1102 2977 1288 3039 momentis
1309 2979 1405 3058 apud
1427 2998 1608 3040 caesarem
1630 2999 1755 3059 parum
1771 2989 1832 3041 aut
1849 2980 1936 3041 nihil

194 3100 316 3164 timum
341 3100 456 3162 forum
483 3099 625 3161 devolvi
653 3098 803 3179 curavit,
831 3119 852 3160 a
880 3117 949 3179 quo
976 3098 1023 3158 ad
1102 3099 1243 3162 omnino
1253 3096 1424 3180 proficere
1436 3101 1625 3182 videretur,
1637 3103 1804 3163 abbatem
1813 3121 1935 3183 geme·

193 3224 290 3286 aliud
313 3223 512 3303 iterumque
536 3222 632 3284 aliud
653 3220 773 3283 delata
796 3229 832 3283 et
851 3230 952 3283 tanto
971 3219 1023 3281 fa·
1102 3223 1243 3284 bundus
1259 3223 1308 3284 ita
1329 3220 1472 3285 affatus:
1491 3221 1522 3286 O
1540 3222 1587 3283 mi
1608 3225 1701 3285 bone
1722 3225 1850 3284 abbas!
1873 3243 1934 3286 vo·

193 3367 279 3409 vore
295 3346 432 3429 agitata
449 3356 513 3427 est,
530 3365 572 3407 ac
589 3345 618 3406 si
631 3346 675 3406 de
688 3344 828 3426 integra
840 3342 1024 3425 provincia
1062 3354 1064 3371 '
1102 3345 1152 3406 lui
1171 3364 1274 3406 ovem
1295 3344 1471 3425 perditam
1496 3365 1676 3427 quaerere,
1701 3347 1765 3408 sed
1789 3366 1861 3408 non
1882 3347 1934 3409 in-

195 3469 313 3532 domui
334 3467 548 3531 Austriacae
569 3487 694 3529 recens
715 3466 880 3528 addenda
900 3485 1023 3547 agere·
1103 3466 1196 3528 veni.
1220 3466 1356 3547 Papam
1372 3466 1526 3535 Romam
1547 3487 1611 3548 per
1627 3467 1829 3549 Augustam
1846 3468 1934 3530 Vin·

194 3601 260 3655 tur.
278 3591 400 3671 Atque
414 3590 463 3652 sic
480 3589 648 3670 princeps
664 3588 756 3650 ultra
772 3597 911 3668 septem
927 3606 1024 3648 men·
1104 3588 1296 3650 delicorum
1314 3598 1350 3650 et
1365 3589 1591 3651 Monachium
1612 3599 1850 3652 revertentem
1873 3593 1933 3652 ab·

194 3733 251 3775 ses
273 3713 435 3776 Viennae
460 3714 626 3775 detentus
650 3719 718 3791 est,
749 3710 841 3772 inter
863 3729 963 3791 spem
988 3719 1024 3771 et
1103 3713 1168 3773 bas
1184 3710 1359 3773 Martinus
1380 3732 1459 3773 cum
1480 3712 1658 3774 sacellano
1679 3731 1742 3773 suo
1763 3712 1802 3774 P.
1820 3712 1933 3774 Trud-

194 3845 326 3897 metum
350 3833 536 3897 fluctuans
565 3835 715 3895 Demum
739 3851 940 3912 supremum
963 3830 1023 3892 tri-
1103 3839 1206 3911 perto
1237 3831 1397 3912 Neugart
1428 3850 1454 3892 s.
1487 3832 1687 3914 theologiae
1719 3834 1866 3895 doctore
1898 3844 1933 3895 et

194 3958 313 4037 bunal,
331 3977 438 4019 causa
451 3956 605 4037 cognita,
623 3955 714 4034 dixit
726 3953 949 4033 sententiam,
962 3954 1023 4014 do·
1102 3953 1146 4017 D.
1156 3951 1309 4016 Gerbert
1325 3952 1524 4015 consiliario
1537 3955 1652 4017 aulico
1665 3954 1855 4017 comitatus
1868 3966 1932 4036 est,

195 4099 289 4141 mum
305 4078 531 4141 Austriacam
547 4078 582 4139 in
600 4078 677 4139 istis
693 4076 867 4159 dynastiis
883 4076 937 4137 ius
952 4076 1023 4137 col·
1104 4075 1207 4156 eique
1225 4093 1373 4155 omnem,
1396 4094 1499 4155 quem
1521 4076 1647 4157 potuit,
1669 4076 1857 4140 deferebat
1872 4078 1933 4139 ho·

195 4200 330 4283 ligendi
358 4200 541 4280 possidere
571 4199 715 4279 probari
744 4218 813 4260 non
840 4217 961 4278 posse,
988 4207 1024 4259 et
1103 4218 1224 4261 norem
1245 4208 1280 4260 et
1296 4197 1540 4260 reverentiam.
1566 4196 1737 4278 Quartum
1759 4200 1826 4262 iter
1847 4200 1933 4263 fecit

196 4332 279 4403 post
294 4321 570 4384 transactionem
587 4341 665 4382 cum
683 4320 841 4401 principe
856 4318 1023 4381 Blasiano
1104 4337 1197 4383 anno
1218 4324 1308 4399 1786.
1334 4319 1420 4381 Cum
1436 4318 1597 4381 nimirum
1613 4321 1787 4402 Iosephus
1799 4322 1844 4386 II.
1861 4343 1933 4385 om-

195 4454 408 4508 conventum
425 4452 460 4506 et
476 4443 603 4505 litteris
619 4444 676 4505 die
694 4447 741 4505 13.
754 4443 843 4523 Apr.
860 4460 939 4520 1777
953 4451 1024 4504 sta·
1103 4463 1167 4505 nes
1179 4442 1433 4505 haereditarias
1446 4462 1528 4504 suas
1542 4453 1665 4524 terraS,
1678 4464 1791 4526 regna
1804 4455 1840 4507 et
1852 4466 1933 4526 pro-

195 4577 310 4630 tutum
327 4576 412 4648 erat,
429 4567 596 4627 abbatem
609 4585 636 4628 s.
649 4564 760 4626 Blasii
773 4563 962 4645 quotannis
978 4564 1023 4624 ad
1103 4564 1239 4627 vincias
1266 4567 1332 4626 sub
1360 4586 1464 4627 unam
1492 4567 1724 4647 eamdemque
1751 4567 1933 4650 regiminis

196 4688 370 4751 aerarium
395 4688 582 4751 anterioris
607 4687 776 4749 Austriae
804 4687 942 4748 solvere
965 4686 1024 4747 de·
1103 4685 1252 4748 formam
1273 4686 1437 4768 redigere
1458 4687 1651 4769 statuisset,
1677 4689 1773 4751 nulla
1795 4690 1933 4752 ratione

195 4813 281 4874 bere
301 4820 491 4873 sexcentos
507 4809 668 4891 florenos
683 4809 800 4872 domui
813 4807 1024 4870 Austriacae
1104 4807 1226 4871 habita
1235 4808 1464 4890 singularium
1476 4808 1602 4872 iurium
1611 4819 1647 4873 et
1656 4811 1932 4895 privilegiorum,

196 4943 315 4997 autem
332 4934 366 4997 in
383 4932 486 4995 dictis
503 4932 678 5015 dynastiis
690 4953 755 4996 nec
768 4933 822 4995 ius
835 4932 1024 5015 colligendi
1105 4950 1196 5013 quae
1219 4931 1295 5015 eius
1316 4941 1560 4994 antecessores
1585 4932 1734 5014 ipseque
1756 4955 1845 4997 avus
1867 4935 1932 4999 Ca·

196 5075 263 5118 nec
284 5056 391 5118 ullum
415 5054 510 5118 aliud
538 5075 627 5136 esse,
651 5066 714 5117 aut
732 5075 897 5137 umquam
922 5075 1024 5137 prae·
1103 5054 1198 5117 rolus
1221 5054 1282 5116 VI.
1312 5064 1348 5116 et
1375 5064 1487 5117 mater
1510 5055 1558 5118 M.
1582 5055 1753 5118 Theresia
1779 5057 1933 5121 statibus

198 5176 295 5238 tendi
316 5197 432 5258 posse.
456 5177 668 5239 Discessuro
689 5177 841 5259 principi
857 5177 1025 5260 Augusta
1104 5175 1291 5239 anterioris
1303 5175 1472 5239 Austriae
1489 5188 1739 5242 concesserant
1756 5190 1792 5242 et
1808 5179 1933 5242 confir-

196 5296 1024 5381 M.Thfflesiamatemoaffectucondoluit,quod
1104 5309 1301 5374 maverant3
1325 5320 1404 5362 cum
1428 5300 1594 5382 subditis,
1619 5301 1766 5384 colonis,
1791 5303 1933 5367 rusticis

198 5417 319 5480 durius
334 5420 380 5481 sit
395 5421 547 5503 habitus,
565 5421 721 5503 pretiosa
735 5441 838 5485 cruce
850 5421 1025 5502 pectorali
1104 5440 1288 5502 parsuruS,
1310 5422 1478 5504 dominia,
1501 5422 1689 5485 fundorum
1713 5434 1750 5487 et
1769 5425 1933 5507 praedio·
