4252 6112
1032 474 1103 524 110
1158 497 1205 505 -

193 657 380 720 Benedicti
393 666 537 720 secutus
549 665 585 720 et
597 658 632 719 in
646 659 862 722 monasterio
874 660 915 723 B.
925 661 1023 723 M.V.
1063 658 1067 747 Ι
1103 679 1157 723 aa.
1185 660 1220 722 ll.
1249 669 1285 721 et
1312 659 1559 741 philosophiae
1586 660 1724 740 doctor,
1752 659 1935 723 facultatis

192 780 238 841 ad
251 777 379 843 Scotos
392 781 553 844 s.habitu
565 780 710 843 indutus
722 792 778 844 est
790 781 1023 865 die21.Sept.
1063 766 1066 865 Ι
1103 781 1187 862 phil.
1208 781 1244 844 in
1260 781 1361 863 regia
1377 782 1470 846 univ.
1488 781 1690 845 Pestinensi
1711 782 1932 864 collegiatus,

196 905 287 980 1845.
311 901 415 964 Votis
440 902 549 984 igitur
565 902 794 965 sollemnibus
810 905 1024 986 nuncupatis

193 1023 250 1085 die
268 1044 318 1103 ²9·
335 1022 435 1107 Sept.
457 1029 547 1107 1849,
564 1045 643 1087 curn
660 1045 686 1089 s.
703 1020 906 1108 theologiae
923 1047 1025 1109 prae-

191 1145 363 1208 lectiones
380 1146 414 1208 in
430 1146 525 1209 univ.
538 1147 692 1211 Vindob.
711 1150 924 1232 excepisset,
945 1170 1025 1231 pre-

192 1270 316 1350 sbyter
331 1268 514 1331 ordinatus
531 1281 585 1332 est
598 1271 655 1332 die
668 1277 698 1334 3.
712 1271 807 1354 Aug.
825 1276 906 1334 1856
918 1283 954 1336 et
967 1274 1025 1335 die

197 1411 244 1453 11.
267 1391 361 1473 Aug.
384 1391 543 1453 eiusdem
566 1394 648 1456 anni
673 1393 708 1456 in
730 1394 810 1457 vico
836 1395 953 1476 patrio
973 1395 1024 1457 in-

193 1523 375 1575 cruentum
392 1514 470 1576 Deo
491 1513 701 1578 sacrificium
722 1516 859 1579 obtulit.
884 1517 1023 1580 Deinde

1103 924 1129 967 s.
1156 902 1252 966 sedis
1277 903 1531 966 consistorialis
1555 903 1846 967 archiabbatialis
1873 904 1935 965 ad-

1103 1046 1231 1108 sessor,
1248 1026 1392 1089 Posonii
1417 1025 1575 1087 eiusdem
1593 1045 1680 1089 com.
1698 1026 1733 1088 in
1748 1025 1936 1108 Hungaria

1103 1147 1161 1210 die
1177 1153 1207 1212 8.
1223 1147 1313 1229 Apr.
1335 1152 1413 1227 1787
1432 1157 1546 1228 natus,
1568 1147 1625 1210 die
1648 1152 1677 1210 5.
1693 1148 1783 1211 Nov.
1805 1152 1883 1210 1803
1907 1168 1934 1210 s.

1104 1270 1229 1333 habitu
1244 1270 1399 1352 indutuS,
1416 1280 1500 1332 vota
1513 1270 1697 1332 sollemnia
1709 1270 1767 1333 die
1784 1291 1831 1349 14.
1845 1269 1934 1351 Apr.

1110 1397 1190 1455 1808
1218 1392 1334 1455 emisit
1361 1401 1397 1455 et
1424 1392 1596 1454 absolutis
1622 1391 1755 1454 Iaurini
1782 1400 1819 1455 et
1845 1391 1881 1453 in
1907 1411 1935 1456 s.

1104 1524 1222 1579 monte
1250 1535 1276 1577 s.
1301 1513 1505 1596 theologiae
1533 1513 1660 1576 studiis
1687 1513 1744 1575 die
1768 1517 1819 1575 36.
1842 1512 1934 1592 Aug.

194 1635 345 1697 docendi
378 1635 412 1697 in
442 1638 630 1719 gymnasio
661 1639 707 1699 ad
739 1637 867 1702 Scotos
897 1659 1023 1701 munus
1062 1628 1065 1735 Ι
1108 1639 1392 1720 1810presbyter
1404 1636 1587 1698 ordinatus
1601 1652 1665 1700 est.
1675 1635 1793 1697 Variis
1806 1635 1935 1698 deinde

194 1757 291 1821 obiit.
312 1756 416 1838 Quod
433 1779 512 1821 cum
529 1779 594 1841 per
606 1760 740 1843 aliquot
755 1780 867 1823 annos
881 1762 1024 1844 supple·
1062 1742 1065 1829 l
1103 1759 1307 1823 monasterii
1336 1757 1474 1841 officiis,
1498 1758 1550 1821 uti
1572 1757 1786 1840 professoris
1812 1777 1934 1840 gymn.

193 1880 314 1962 visset,
332 1881 390 1943 die
407 1885 453 1943 15.
466 1882 529 1945 Ι111.
547 1886 627 1945 1853
641 1883 895 1967 tentaminibus
910 1884 1024 1966 publi·
1063 1878 1065 1961 Ι
1103 1881 1358 1965 Tyrnaviensis
1384 1886 1512 1943 1810—
1524 1884 1575 1962 16,
1599 1880 1829 1942 Posoniensis
1853 1884 1933 1942 1816

194 2001 245 2064 cis
272 2022 338 2083 pro
361 2004 620 2067 mathematicis
648 2014 684 2066 et
706 2005 865 2087 physicis
893 2025 1023 2088 appro-
1062 1964 1065 2101 Ι
1104 2008 1241 2085 -1818,
1258 2003 1387 2085 prioris
1403 2012 1440 2064 et
1453 2002 1666 2084 professoris
1679 2002 1714 2064 in
1727 2002 1872 2064 abbatia
1890 2003 1935 2064 de

192 2124 309 2206 batuS,
333 2124 516 2206 professor
538 2147 572 2208 p.
597 2145 628 2190 0.
653 2136 708 2189 est
733 2126 943 2209 designatus
967 2126 1024 2189 die
1063 2107 1065 2224 Ι
1104 2125 1513 2208 Bakonybel1818-21,
1535 2125 1705 2187 historiae
1726 2124 1937 2187 universalis

199 2249 245 2308 16.
267 2246 362 2328 Aug.
388 2250 479 2327 1856,
505 2247 605 2331 cuius
626 2258 748 2330 partes
772 2268 885 2331 usque
910 2250 1024 2311 adhuc
1063 2232 1065 2307 l
1104 2259 1140 2311 et
1155 2247 1399 2330 pragmaticae
1412 2247 1514 2329 regni
1526 2246 1648 2329 Hung.
1661 2246 1757 2328 apud
1774 2246 1935 2309 alumnos

194 2367 354 2431 sustinet.
372 2368 496 2431 Eidem
509 2370 712 2433 monasterii
726 2370 844 2433 clerici
856 2370 891 2433 in
903 2371 1024 2453 lingua
1062 2358 1065 2429 l
1103 2390 1130 2434 s.
1155 2369 1288 2432 ordinis
1310 2368 1443 2431 laurini
1471 2372 1653 2450 1821—23,
1678 2367 1874 2450 subprioris
1899 2377 1937 2430 et

192 2488 399 2572 Hungarica
421 2491 606 2553 erudiendi
621 2493 856 2555 tradebantur
876 2493 957 2555 inde
978 2496 1024 2556 ab
1062 2490 1065 2571 Ι
1103 2491 1264 2575 magistri
1280 2490 1492 2554 novitiorum
1514 2490 1549 2552 in
1571 2510 1597 2553 s.
1615 2499 1734 2553 monte
1755 2494 1934 2571 1823—32,

193 2631 287 2674 anno
307 2616 397 2692 1859.
421 2613 490 2675 Die
505 2634 591 2677 vero
609 2636 638 2694 9.
651 2616 754 2678 Febr.
774 2620 853 2679 1858
870 2637 923 2678 aa.
936 2617 971 2679 ll.
989 2627 1024 2678 et
1062 2606 1065 2656 ¹
1103 2615 1264 2697 magistri
1284 2613 1496 2676 novitiorum
1522 2617 1699 2694 1882—34,
1722 2589 1849 2694 prioris
1871 2611 1936 2673 ibi-

192 2733 438 2816 philosophiae
456 2735 612 2798 doctoris
633 2735 668 2799 in
683 2737 777 2800 univ.
788 2738 943 2801 Vindob.
963 2740 1024 2800 ob·
1062 2659 1065 2783 l

192 2855 297 2918 tinuit
312 2857 463 2938 gradum
479 2867 677 2940 posteaque
697 2858 753 2921 bis
773 2879 866 2923 anno
887 2864 967 2939 1864
989 2870 1025 2923 et
1063 2860 1065 2869 '
1102 2860 1170 2921 hoc
1195 2877 1287 2921 anno
1311 2858 1425 2920 abbas
1446 2856 1709 2945 Diimiilkiensis
1734 2855 1936 2918 nominatus

1105 2738 1185 2799 dem
1206 2740 1372 2814 1834-38
1389 2735 1543 2797 maxima
1563 2754 1642 2796 cum
1658 2735 1764 2796 laude
1780 2732 1935 2815 functus,

1104 2991 1168 3062 est,
1185 2981 1306 3062 ibique
1319 2980 1376 3042 die
1391 2984 1441 3042 28.
1455 2978 1555 3061 Sept.
1574 2981 1653 3041 1856
1666 2978 1724 3059 pie
1738 2978 1773 3040 in
1782 2978 1938 3040 Domino

197 2981 276 3056 1873
298 2978 440 3060 collegii
461 2979 645 3042 doctorum
670 2980 850 3044 facultatis
870 2982 1024 3065 philoso-

192 3099 320 3180 phicae
332 3100 367 3162 in
377 3101 502 3163 eadem
516 3101 748 3166 universitate
763 3105 919 3166 decanus
932 3104 1023 3167 elec-

192 3230 260 3303 tus,
287 3222 489 3305 ibidemque
514 3235 722 3305 procurator
747 3225 901 3288 nationis
924 3226 1023 3289 Hun-

191 3345 336 3427 garicae
362 3346 420 3407 die
449 3368 477 3408 2.
501 3346 590 3428 Apr.
620 3352 696 3428 1871
728 3350 930 3430 postulatus
958 3357 1023 3413 est.
1062 3429 1064 3467 Ι

192 3466 275 3530 Fuit
291 3476 478 3548 praeterea
494 3489 585 3532 unus
602 3470 716 3552 exiis,
740 3470 800 3552 qui
816 3471 1023 3534 societatem
1061 3472 1064 3551 !

192 3590 504 3672 meteorologicam
520 3592 682 3655 Viennae
705 3593 762 3655 die
787 3614 812 3655 1.
829 3592 916 3655 Maii
942 3597 1022 3656 1866
1061 3558 1064 3681 Ι

192 3711 399 3776 fundavere.
1060 3730 1063 3787 1

278 3834 499 3918 Conscripsit
529 3837 575 3897 ad
602 3855 816 3918 programm.
844 3836 1022 3920 gymnasii
1060 3795 1063 3915 Ι

191 3957 238 4019 ad
254 3955 395 4021 Scotos:

279 4084 301 4138 1.
318 4083 378 4139 Pro
394 4102 472 4138 anno
490 4081 584 4140 1860:
602 4084 664 4140 Das
676 4083 816 4141 Problem
829 4085 882 4141 des
895 4085 1022 4161 Apollo·
1060 4112 1063 4199 Ι

191 4189 267 4243 nius.
284 4185 314 4265 (i.
328 4206 354 4243 6.
371 4186 526 4262 Apollonii
543 4185 721 4266 problema.)
1061 4210 1064 4341 Ι

277 4311 315 4366 ΙΙ.
338 4312 397 4367 Pro
417 4328 496 4366 anno
522 4308 617 4382 1864:
645 4308 746 4367 Ueber
762 4311 1023 4386 Witterungsver·

191 4414 344 4471 haltnisse.
362 4411 482 4491 (Agitur
497 4414 535 4470 de
552 4413 817 4493 meteorologicis.)
1061 4404 1064 4491 Ι

277 4550 389 4634 Typis
421 4570 526 4632 porro
563 4551 675 4612 edidit
705 4553 796 4614 hanc
828 4551 1021 4615 orationem
1060 4496 1064 4665 Ι

190 4672 400 4754 nuptialem:

277 4817 329 4874 III.
358 4817 517 4874 Herzliche
541 4817 649 4874 Worte
676 4819 867 4893 gesprochen
895 4816 945 4875 bei
969 4817 1023 4875 der

189 4923 337 4996 Trauung
360 4922 415 4978 des
439 4921 477 4978 H.
501 4921 669 4978 Ferdinand
693 4923 827 4989 Weindl;
852 4923 1021 4997 Ingenieur.

190 5029 242 5084 mit
257 5029 281 5084 F
283 5028 317 5084 rl.
333 5028 429 5084 Marie
445 5027 554 5102 Hayek
574 5029 603 5081 in
619 5027 674 5082 der
689 5026 881 5084 Plarrkirche
904 5046 940 5083 zu
963 5026 1021 5084 den
1059 5044 1062 5053 ¹

190 5129 347 5188 Schotten.
365 5147 381 5188 2
401 5131 452 5188 lol.
469 5137 512 5203 4⁰.
530 5131 674 5200 Viennae,
697 5131 788 5205 1872.

278 5293 436 5368 Gacser
456 5306 540 5369 Leo
556 5307 734 5369 Ioannes
757 5308 817 5388 (de
833 5327 861 5372 s.
877 5308 1019 5371 Monte

190 5420 457 5505 Pannoniae),
479 5424 592 5486 abbas
613 5424 654 5486 Β.
671 5423 719 5486 Μ.
732 5423 776 5486 V.
794 5424 839 5485 de
854 5424 1018 5506 D6m61k,
1056 5440 1059 5497 ξ

1104 3103 1329 3167 obdormivit.

1189 3226 1326 3289 Rerum
1347 3225 1382 3288 in
1403 3224 1525 3306 primis
1541 3223 1774 3287 asceticarum
1795 3221 1938 3305 peritis-

1103 3349 1213 3412 simus
1230 3348 1389 3430 scripsit:

1190 3476 1212 3531 I.
1234 3473 1509 3551 Epipompethicon
1530 3471 1696 3529 honoribus
1718 3470 1875 3528 celsissimi
1900 3489 1937 3526 ac

1102 3600 1165 3638 rev.
1183 3580 1292 3636 domini
1309 3579 1431 3634 Ernesti
1449 3577 1481 3634 S.
1494 3578 1530 3633 R.
1548 3578 1570 3632 1.
1587 3577 1732 3652 principis
1749 3577 1777 3630 in
1793 3573 1937 3630 Schwar-

1060 3688 1063 3723 ³
1102 3683 1244 3759 zenberg,
1261 3684 1345 3740 ducis
1362 3682 1553 3740 Crumloviae
1569 3693 1627 3737 cet.
1649 3681 1705 3736 Dei
1722 3692 1752 3735 et
1768 3691 1868 3755 apost.
1886 3697 1936 3735 se-

1102 3791 1148 3847 dis
1161 3791 1258 3864 gratia
1271 3789 1407 3863 episcopi
1421 3787 1611 3842 laurinensis.
1634 3786 1712 3840 Dum
1725 3784 1860 3840 sollemni
1873 3785 1934 3839 ritu

1060 3922 1063 3957 ;
1103 3897 1340 3968 inauguraretur,
1365 3892 1464 3947 dicata
1487 3909 1505 3945 a
1528 3890 1610 3946 clero
1636 3891 1752 3944 iuniore
1773 3907 1797 3944 s.
1820 3887 1935 3943 Montis

1060 3964 1063 4097 Ι
1101 4000 1272 4054 Pannoniae
1289 4015 1317 4052 0.
1336 4017 1359 4053 s.
1377 3998 1409 4051 B.
1427 3995 1515 4052 Anno
1536 3993 1615 4067 1819
1633 3993 1680 4049 die
1699 4009 1748 4065 24.
1762 3993 1850 4048 Mart.
1869 3991 1935 4065 Ty-

1102 4105 1148 4179 pis
1164 4102 1314 4178 Leopoldi
1331 4099 1473 4174 Streibig.
1490 4105 1533 4171 40.
1551 4115 1569 4171 4
1587 4118 1616 4173 p.

1188 4208 1228 4263 11=
1242 4207 1366 4263 Ascesis
1387 4204 1579 4262 benedictina
1598 4204 1713 4259 Leonis
1734 4201 1861 4257 Gacser.
1888 4205 1933 4272 4⁰.

1103 4312 1143 4369 80
1156 4332 1185 4389 p.
1202 4313 1259 4368 Ms.
1276 4311 1350 4367 Ads.
1364 4313 1393 4366 in
1405 4308 1589 4367 bibliotheca
1602 4307 1726 4364 centrali
1740 4309 1768 4362 in
1781 4325 1806 4361 s.
1820 4317 1935 4361 monte.

1189 4418 1242 4473 Ill.
1263 4415 1483 4471 Meditationes.
1501 4420 1543 4486 40.
1563 4428 1625 4470 206
1642 4432 1670 4488 p.
1693 4413 1748 4468 Ms.
1768 4409 1842 4466 Ads.
1860 4408 1935 4466 ibid.

1188 4522 1239 4578 IV.
1257 4520 1343 4577 Rude
1359 4520 1504 4587 sceleton‚
1526 4537 1587 4594 quo
1604 4520 1715 4593 primas
1731 4516 1824 4571 lineas
1841 4514 1934 4570 disci·

1102 4627 1201 4703 plinae
1212 4622 1605 4681 monastico-benedictinae
1613 4619 1794 4678 adumbrare
1807 4620 1937 4675 tentavit

1101 4746 1192 4806 atque
1208 4728 1372 4787 venerabili
1390 4730 1551 4785 conventui
1569 4747 1593 4784 s.
1611 4727 1729 4783 Martini
1746 4724 1783 4780 (le
1799 4744 1823 4780 s.
1840 4725 1880 4780 M.
1898 4724 1933 4779 P.

1102 4838 1130 4892 in
1158 4833 1291 4892 eiusdem
1319 4832 1498 4908 obsequium
1525 4829 1626 4888 debita
1653 4850 1719 4888 cum
1743 4828 1934 4886 subiectione

1100 4940 1261 4996 humillime
1282 4936 1447 4995 substravit
1468 4938 1534 4993 Leo
1552 4935 1669 4993 Gltcser
1689 4953 1717 4991 o.
1736 4953 1759 4990 s.
1777 4934 1810 4989 B.
1834 4929 1934 4988 abbas

1099 5048 1132 5102 B.
1151 5047 1189 5101 M.
1206 5045 1242 5102 V.
1260 5043 1297 5099 de
1314 5041 1455 5098 1161116111.
1480 5042 1592 5097 Mensis
1613 5041 1701 5095 Mart.
1723 5038 1817 5110 (1169.
1839 5035 1932 5108 1842.

1101 5156 1142 5206 20.
1161 5148 1199 5206 28
1218 5169 1246 5225 p.
1264 5150 1320 5205 Ms.
1337 5147 1410 5204 Ads.
1428 5145 1498 5202 ibid.

1187 5294 1299 5368 Gaes
1337 5305 1596 5368 Edmundus
1633 5299 1933 5385 (San-Blasia-

1098 5425 1200 5506 nus),
1217 5431 1321 5485 natus
1338 5432 1393 5486 est
1409 5421 1574 5504 Friburgi
1594 5421 1631 5483 in
1647 5417 1847 5502 Brisgovia.
1870 5416 1933 5479 Ab
