4222 6106
927 514 969 524 -
1014 476 1135 540 CXIII
1182 515 1221 524 —

206 702 498 773 cremifanensis:
538 705 730 768 Casimirus
768 704 872 784 Moll,
911 704 1202 784 Lunaelaeensis,
1242 704 1301 784 qui
1339 703 1468 786 linguis
1507 722 1592 766 suae
1630 704 1760 766 aetatis
1799 705 1934 767 dabant

206 861 349 922 operam
367 843 400 923 ¹).

333 981 528 1044 Praeterea
551 981 612 1044 filii
636 1004 663 1045 s.
688 981 873 1044 Benedicti
898 981 1054 1043 carmina
1078 989 1114 1043 et
1137 981 1239 1061 epica
1269 992 1304 1043 et
1330 981 1441 1064 lyrica
1464 1002 1623 1064 pangere
1646 1002 1826 1064 nunquam
1850 983 1934 1045 omi·

205 1130 335 1183 serunt.
382 1120 577 1184 Maximam
600 1140 685 1184 vero
709 1141 829 1184 curam
852 1120 888 1183 in
911 1120 1014 1201 poesi
1037 1120 1177 1184 scenica
1200 1122 1392 1201 ponebant,
1416 1132 1617 1202 propterea,
1642 1123 1736 1202 quod
1764 1121 1799 1184 in
1826 1122 1935 1185 omni·

204 1261 271 1320 bus
294 1259 425 1322 scholis
447 1259 591 1322 fabulae
614 1262 823 1342 agebantur.
861 1259 1035 1342 Magister
1058 1279 1119 1321 eas
1143 1261 1305 1322 docebat.
1341 1260 1601 1341 Argumentum
1625 1271 1686 1323 aut
1702 1279 1747 1322 ex
1764 1251 1791 1324 s.
1808 1259 1936 1323 litteris

204 1407 265 1460 aut
298 1416 345 1459 ex
379 1396 528 1461 historia
561 1400 725 1461 haustum
760 1408 845 1461 erat.
892 1397 960 1478 Qui
995 1397 1164 1478 plurimas
1198 1396 1338 1460 fabulas
1378 1399 1589 1478 docuerunt,
1625 1409 1723 1461 sunt:
1759 1398 1932 1482 Virgilius

204 1534 426 1618 Kleinmayr,
451 1535 673 1607 Garstensis;
703 1535 825 1600 Simon
848 1536 1128 1618 Rettenpacher‚
1152 1535 1444 1609 Cremifanensis;
1472 1537 1697 1599 Hermannus
1720 1537 1931 1618 Sarsteiner,

205 1654 498 1743 Lunaelacensis:
523 1676 747 1759 Augustinus
770 1676 1006 1758 Kendlinger,
1031 1646 1251 1738 Aemilianus
1267 1675 1388 1739 Pirkel
1412 1677 1457 1738 ad
1481 1695 1508 1737 s
1525 1674 1669 1738 Petrum
1686 1675 1886 1758 Salisburgi
1902 1679 1933 1757 ²).

332 1815 404 1877 Ars
427 1815 562 1878 musica
585 1834 726 1896 quoque
749 1814 908 1878 studiose
932 1815 1026 1878 culta
1050 1826 1115 1878 est.
1161 1815 1240 1895 Qua
1263 1815 1299 1877 in
1322 1826 1399 1878 arte
1422 1835 1588 1897 magnam
1617 1815 1671 1877 sui
1698 1815 1829 1877 famam
1852 1815 1931 1878 reli-

206 1963 356 2034 querunt
377 1953 560 2015 Marianus
583 1951 737 2033 Gurtler,
761 1951 997 2019 Mellicensis:
1026 1953 1264 2034 Engelbertus
1288 1951 1424 2034 Giippl‚
1454 1952 1719 2016 Maximilianus
1741 1954 1934 2035 Kerscher,

207 2089 475 2162 Gottvicenses3
500 2091 647 2155 Gabriel
663 2092 777 2155 Fideli
794 2102 830 2155 et
846 2090 993 2154 Carolus
1010 2090 1135 2173 Stang,
1153 2090 1488 2162 Seitenstettenses;
1513 2093 1749 2175 Ildephonsus
1766 2090 1934 2173 Schnepf,

207 2227 417 2293 Godhardus
441 2231 652 2309 Heberlein,
676 2230 902 2313 Augustinus
927 2228 1028 2309 Gerl,
1052 2230 1238 2311 Rupertus
1261 2230 1519 2313 Langbartner,
1544 2230 1828 2294 Cremifanenses
1842 2233 1876 2312 ³).

978 2679 1082 2744 CAP.
1107 2681 1169 2744 III.

332 2923 485 3007 Magnos
508 2923 703 2985 animorum
726 2924 889 3003 impetus,
914 2922 973 3003 qui
996 2923 1112 2985 medio
1136 2924 1278 2986 saeculo
1296 2922 1431 2986 XVIII.
1455 2923 1490 2986 in
1513 2923 1661 3005 imperio
1676 2924 1933 3006 Habsburgen-

201 3062 290 3125 sium
314 3062 402 3125 facti
426 3073 535 3142 erant,
558 3060 621 3123 filii
645 3082 671 3123 s.
688 3060 876 3123 Benedicti
898 3069 1034 3122 tantum
1057 3063 1161 3124 abest
1184 3071 1223 3124 ut
1245 3061 1498 3142 prohibuerint,
1530 3073 1569 3124 ut
1599 3062 1798 3142 complures
1830 3062 1934 3125 huius

200 3201 334 3263 ordinis
357 3201 499 3263 sodales
523 3220 584 3262 eos
607 3219 738 3282 magno
762 3219 869 3281 opere
893 3199 1103 3263 adiuverint.
1139 3199 1266 3264 Studia
1290 3200 1382 3262 enim
1404 3200 1611 3279 litterarum,
1636 3200 1670 3262 in
1695 3200 1824 3282 quibus
1847 3203 1934 3263 ordo

203 3352 308 3403 antea
330 3342 550 3420 versabatur,
574 3360 653 3403 cum
675 3340 711 3400 in
728 3340 929 3423 theologiae
946 3350 982 3403 et
996 3339 1164 3402 historiae
1181 3340 1365 3422 angustias
1381 3339 1603 3420 potissimum
1620 3340 1934 3422 compingerentur

206 3479 285 3541 inde
306 3482 351 3541 ab
375 3498 468 3541 anno
496 3483 577 3557 1750
600 3498 666 3560 per
689 3487 826 3541 ceteras
850 3498 992 3560 quoque
1015 3488 1110 3541 artes
1134 3478 1263 3542 diffusa
1285 3489 1376 3558 sunt,
1401 3497 1516 3559 neque
1532 3488 1608 3540 arte
1624 3477 1762 3541 medica
1778 3488 1933 3559 excepta

213 3627 281 3680 erat
302 3618 498 3699 disciplina,
522 3616 578 3680 cui
602 3638 672 3680 non
696 3617 837 3681 deditus
861 3629 966 3681 esset.

329 3757 442 3821 Ratio
458 3768 493 3819 et
509 3757 568 3819 via
583 3757 804 3838 scholastica,
829 3757 971 3838 quaein
987 3755 1146 3818 formulis
1162 3756 1315 3818 maxime
1331 3758 1550 3835 versabatur,
1575 3757 1620 3817 ab
1637 3754 1691 3816 his
1711 3755 1931 3836 temporibus

212 3890 424 3959 abhorrebat.
463 3896 537 3958 Iam
554 3897 599 3957 ad
616 3895 837 3977 disciplinam
854 3895 1091 3978 dogmaticam
1115 3895 1262 3975 eiusque
1278 3893 1405 3974 fonteS,
1429 3912 1549 3956 sacras
1571 3893 1708 3957 litteras
1729 3893 1933 3974 scriptaque

208 4014 226 4084 S·
248 4029 413 4114 Patrum,
446 4035 733 4117 cognoscendos,
765 4033 957 4096 studiosius
989 4033 1220 4095 intendebant
1251 4042 1397 4096 mentes.
1444 4032 1522 4114 Quo
1555 4033 1591 4095 in
1621 4051 1753 4114 genere
1787 4041 1931 4114 praeter

198 4165 437 4255 „theologiam
468 4172 748 4252 scholasticam“,
784 4191 888 4252 quam
922 4170 1064 4252 scripsit
1096 4169 1221 4234 Gallus
1251 4170 1388 4235 Cartier
1420 4192 1440 4234 e
1470 4171 1683 4233 monasterio
1714 4171 1931 4234 Ettenheim-

188 4291 374 4392 lifinster,
406 4314 453 4374 ad
480 4332 537 4374 res
572 4312 648 4373 eius
678 4311 807 4374 aetatis
838 4310 1049 4393 insigniores
1080 4331 1122 4374 ea
1151 4311 1347 4392 pertinent,
1379 4329 1469 4391 quae
1500 4309 1674 4373 Martinus
1698 4307 1852 4373 Gerbert
1888 4311 1932 4371 de

181 4430 354 4532 HOrnau‚
378 4449 669 4512 bibliothecarius
693 4460 730 4513 et
752 4461 879 4531 postea
902 4450 1029 4512 Abbas
1053 4449 1220 4531 princeps
1244 4451 1289 4511 ad
1313 4469 1340 4513 s,
1357 4448 1515 4512 Blasium
1540 4449 1575 4511 in
1599 4449 1711 4531 Nigra
1727 4447 1826 4511 Silva
1851 4468 1931 4511 con·

183 4582 357 4670 scl'ipsit,
393 4609 498 4670 quem
531 4589 770 4671 Engelbertus
800 4588 968 4670 Kliipfel‚
1002 4587 1184 4669 professor
1215 4587 1465 4670 Friburgensis
1496 4588 1550 4650 his
1583 4587 1703 4649 verbis
1736 4587 1892 4649 extollit:
1908 4589 1931 4664 ⁴)

191 4709 298 4797 „Vix
319 4740 370 4790 est
392 4728 597 4809 theologiae
614 4728 824 4790 universalis
848 4746 931 4808 pars
954 4727 1082 4808 aliqua,
1107 4727 1206 4790 cuius
1222 4727 1462 4790 institutiones
1480 4746 1549 4789 non
1565 4726 1811 4809 publicaverit,
1836 4725 1928 4785 unde

316 4929 324 4933 .
344 4929 507 4936 -—-·——

332 5085 351 5163 ι)
375 5088 421 5144 De
445 5091 564 5164 scriptis
589 5107 693 5145 eorum
718 5088 786 5143 vide
810 5086 1009 5162 Ziegelbauer
1034 5088 1051 5143 l.
1076 5108 1103 5144 c.
1128 5102 1157 5144 et
1181 5089 1282 5143 Friess
1308 5087 1323 5142 l.
1349 5108 1374 5142 c.

332 5200 352 5277 ²)
375 5202 476 5257 Friess
498 5203 515 5259 l.
540 5221 584 5272 c.;
611 5203 703 5275 Hagn
727 5201 744 5256 l.
769 5218 814 5267 c.;
839 5202 914 5257 Hist.
941 5204 1018 5256 univ.
1043 5199 1153 5256 Salisb.

328 5310 557 5389 hffiffilc

329 5426 350 5500 ⁴)
373 5425 543 5513 Freiburg&
569 5426 862 5494 [Jiijcesan-Archiv
886 5426 964 5481 VIII.
