4222 6106
762 496 1046 567 ..531-

122 688 203 744 XXI.
230 687 354 761 Predigt
373 686 423 742 bei
445 685 503 741 den
520 685 693 742 leierlichen
709 686 867 760 Exequien

71 813 81 849 r
97 792 177 848 weil.
194 789 244 848 Se.
262 791 402 865 Majestat
417 791 514 846 Franz
531 792 553 846 I.
570 787 600 868 (i.
615 810 641 846 e.
658 791 766 846 Oratio
783 789 867 845 lune·

71 900 98 954 is
114 896 218 953 habita
234 899 263 952 in
279 896 478 952 sollemnitate
492 899 686 970 exequiarum
703 914 759 970 pro
774 897 867 969 impe·

71 1014 138 1058 tore
162 1002 327 1057 Francisco
345 996 379 1077 1.)
404 1000 487 1068 Linz,
511 999 578 1075 Joh.
603 1001 745 1056 Huemer.
775 998 866 1070 1835.

73 1149 80 1163 .
98 1120 136 1178 31
158 1125 188 1181 p.

123 1227 221 1283 XXII.
253 1228 337 1300 Zfige
364 1225 423 1281 und
451 1224 692 1298 Schilderungen
719 1243 774 1280 aus
801 1224 868 1279 dem

71 1330 144 1388 eben
159 1298 215 1388 des
227 1332 282 1388 sel.
295 1328 457 1387 Sebastian
470 1330 566 1385 Franz
578 1328 646 1405 Job‚
661 1329 869 1384 Beichtvaters

71 1456 89 1492 r
96 1437 241 1492 Kaiserin
249 1436 390 1493 Carolina
399 1433 546 1508 Augusta.
558 1430 587 1510 (i.
598 1452 624 1490 e.
636 1434 705 1489 Vita
714 1432 745 1488 S.
756 1434 789 1488 F.
799 1430 868 1507 Job‚

71 1539 189 1596 tondam
207 1538 383 1595 confessarii
405 1540 605 1614 imperatricis
622 1538 690 1594 Car.
711 1537 869 1610 Augustae

71 1644 218 1700 tibusdam
245 1644 432 1699 lineamentis
460 1639 660 1720 adumbrata.)
687 1641 777 1708 Linz,
801 1641 868 1717 Joh.

71 1767 181 1804 nemer.
203 1747 293 1820 1835.
312 1747 354 1804 8⁰.
376 1746 435 1819 184
453 1766 482 1822 p.

124 1871 235 1926 XXIII.
261 1868 417 1926 Sechzehn
434 1869 571 1936 Theseu,
590 1869 704 1924 welche
725 1867 780 1922 der
795 1867 869 1922 Ert-

71 1974 162 2032 schol
174 1974 313 2031 Clemens
327 1974 447 2047 August
462 1976 575 2029 seinem
592 1973 699 2028 Clerus
715 1992 750 2026 zu
768 1984 869 2026 unter-

72 2078 182 2136 ichnen
197 2078 359 2152 vorgelegt
381 2079 440 2144 hat,
466 2079 518 2133 mit
542 2075 599 2132 den
621 2075 870 2149 Einwendungen

71 2202 137 2257 :gen
153 2180 306 2239 dieselben
328 2182 386 2237 und
408 2181 461 2236 der
478 2180 687 2236 katholisehen
704 2181 870 2254 Dogmatik

71 2287 224 2361 1911911911.
243 2283 272 2365 (i.
286 2306 312 2342 e.
334 2284 370 2342 16
388 2286 500 2353 theses,
517 2304 593 2360 quas
609 2285 749 2341 Clemens
765 2283 869 2359 Augu·

71 2411 104 2447 us
119 2391 368 2466 archiepiscopus
385 2391 467 2446 clero
484 2409 540 2446 suo
553 2389 787 2446 subscribendas
800 2408 871 2465 pro·

71 2499 151 2563 tsuit,
176 2515 243 2551 cum
267 2493 495 2570 exceptionibus
517 2508 623 2550 contra
646 2494 766 2550 easdem
784 2494 871 2550 Iactis

83 2619 152 2656 cum
168 2599 341 2673 dogmatica
357 2599 506 2654 catholica
523 2596 672 2677 collatae.)
698 2599 782 2667 Linz,
803 2600 870 2674 Joh.

71 2723 182 2761 nemer.
204 2702 294 2774 1838.
313 2703 354 2760 8⁰.
377 2718 433 2759 102
453 2722 481 2777 p.

124 2826 234 2881 XXIV.
249 2823 437 2881 Hirtenbriel
447 2843 516 2879 vom
527 2839 578 2896 30.
589 2823 761 2880 November
779 2823 871 2897 1839.

87 2948 114 2986 e.
132 2930 268 2985 Litterae
284 2926 474 3007 pastorales.)
500 2929 583 2997 Lina,
605 2928 695 3002 1839.
717 2927 760 2985 8⁰.
788 2944 821 3001 15
841 2948 870 3004 p.

126 3069 221 3126 XXV.
243 3069 351 3124 Oratio
367 3067 470 3124 habita
492 3068 529 3123 ad
547 3068 709 3144 capitulum
726 3068 842 3125 Cremil
859 3100 872 3112 ·

71 3191 134 3229 :nse
151 3172 199 3228 die
216 3188 266 3228 22.
284 3171 368 3247 Sept.
391 3171 480 3244 1840.
498 3173 605 3238 Lincii‚
627 3170 717 3244 1840.
737 3170 778 3228 8⁰.

124 3295 234 3351 XXVI.
247 3294 614 3351 Hirtenbrielveranlasst
628 3294 721 3350 durch
735 3294 789 3351 das
802 3313 871 3350 vom

82 3400 217 3455 PiusIX.
231 3398 507 3473 ausgeschriebene
523 3398 869 3473 allgemeineJubilt'aum.

91 3523 119 3561 e.
147 3503 281 3560 Litterae
306 3503 478 3579 pastorales
505 3504 668 3558 occasione
693 3504 884 3559 universalis¹

71 3606 160 3664 bilaei
176 3626 194 3662 a
210 3627 234 3663 S.
251 3609 333 3682 Papa
349 3608 403 3663 Pio
421 3608 472 3662 IX.
501 3605 580 3679 1846
602 3607 783 3683 promulgati
807 3607 870 3662 edi·

71 3709 109 3790 9.)
127 3713 211 3778 Linz‚
226 3712 253 3786 J.
271 3712 412 3767 Huemer.
435 3710 525 3784 1847.
544 3710 586 3767 8⁰.
604 3712 643 3784 48
663 3731 691 3787 p.

127 3834 252 3890 XXVII.
277 3834 520 3906 Betracbtungen
544 3831 620 3888 iiber
642 3833 785 3907 religiose
809 3833 870 3889 Ge·

70 3936 232 3994 llschalten
259 3941 288 3993 111
311 3937 509 4012 VerbIndung
537 3940 589 3993 mit
615 3937 674 3993 deu
702 3938 871 3993 weltlichen

72 4055 163 4098 aaten
181 4042 256 4097 oder
272 4040 347 4098 iiber
363 4042 512 4116 Religion,
535 4042 647 4098 Kirche
664 4042 723 4097 und
739 4041 826 4098 Staat
842 4043 871 4096 in

71 4145 240 4203 eundlicher
255 4144 462 4219 Verbindung.
486 4143 515 4223 (1.
534 4164 559 4202 9.
579 4147 624 4201 1)9
642 4145 806 4202 concordia
823 4163 872 4201 ec-

71 4251 170 4306 esiam·
185 4251 262 4305 inter
285 4262 315 4305 et
340 4246 513 4327 civitatem.)
546 4250 635 4316 Linz,
662 4251 688 4325 J.
713 4249 872 4306 Huemer's

71 4355 163 4410 'itwe
186 4353 276 4427 1849.

125 4476 265 4532 XXVIII.
284 4476 346 4531 Der
363 4474 482 4531 Glaube
499 4494 536 4530 an
550 4474 660 4532 Gottes
673 4476 764 4532 Wort
779 4475 873 4531 bahnt

71 4599 96 4637 zn
112 4581 213 4653 einzig
229 4580 368 4636 sicheren
385 4580 466 4654 Weg
482 4600 547 4635 zum
564 4581 703 4637 Himmel.
727 4576 755 4658 (i.
770 4599 796 4636 e.
811 4580 873 4635 De·

71 4696 226 4741 nostratur
252 4686 330 4741 viam
362 4684 399 4739 ad
428 4684 544 4741 coelum
576 4702 632 4759 per
659 4685 754 4740 solam
786 4682 873 4739 sidem

71 4786 176 4867 eriri.)
200 4789 285 4855 Linz,
308 4790 334 4864 J
361 4787 518 4844 Huemer's
543 4790 663 4845 Witwe.
694 4788 783 4861 1850.
813 4795 872 4844 12⁰·

71 4909 169 4971 >pag

124 5016 235 5072 XXIX.
265 5016 477 5072 Katechismus
502 5016 556 5072 der
581 5015 638 5071 den
663 5027 764 5070 ersten
788 5015 873 5070 Men·

71 5122 131 5178 hen
154 5119 201 5176 bis
223 5120 277 5176 aul
294 5121 406 5177 Christi
427 5120 547 5177 Geburt
570 5118 750 5194 gegebenen
770 5117 873 5174 Oflen·

71 5244 194 5299 ¹rungen
207 5225 326 5282 Gottes.
345 5222 374 5302 (i.
390 5245 415 5282 e.
432 5226 641 5282 Catechismus
655 5224 872 5280 revelationum

71 5332 94 5387 ei
112 5328 284 5386 hominibus
302 5348 399 5404 usque
415 5328 453 5384 ad
466 5329 576 5385 Christi
590 5330 775 5384 nativitatem
787 5340 872 5403 pate·

71 5430 206 5512 starum.)
224 5449 240 5490 2
259 5434 376 5490 'l‘heile
394 5434 478 5501 Linz,
501 5431 591 5504 1850.
610 5432 652 5489 8⁰.

1033 686 1129 741 XXX.
1147 682 1249 740 Verba
1270 685 1374 740 salutis
1391 647 1559 760 scriptaad
1576 685 1778 742 venerabilem

947 809 1032 846 suum
1050 791 1172 846 clerum.
1189 790 1297 857 Lincii‚
1311 791 1390 864 typis
1404 790 1506 844 loann.
1523 790 1664 846 Huemer.
1687 789 1778 863 1843.

948 908 987 966 35
1007 914 1076 970 Pag·

1032 1000 1194 1054 Praeterea
1226 1000 1254 1053 in
1289 998 1418 1068 „Frint’s
1446 997 1675 1071 Theologische
1699 1000 1779 1054 Zeit-

947 1101 1083 1168 schrilt“,
1102 1103 1124 1158 Ι.
1141 1103 1243 1177 Jahrg.
1262 1121 1290 1176 p.
1309 1115 1486 1174 191-247,
1503 1102 1539 1157 II.
1553 1101 1656 1175 Jahrg.
1673 1121 1702 1176 p.
1716 1100 1779 1174 370

946 1205 1064 1283 -382,
1081 1207 1132 1262 IV.
1149 1207 1250 1281 Jahrg.
1268 1225 1297 1280 p.
1317 1205 1498 1278 271-308,
1520 1205 1623 1281 plures
1646 1207 1779 1262 eiusdem

948 1322 1094 1366 tractatus
1111 1311 1286 1384 theologici,
1304 1312 1483 1385 praesertim
1501 1311 1575 1366 des.
1589 1324 1779 1367 sacramento

948 1390 1166 1482 poenitentiae,
1185 1416 1383 1470 inveniuntur.

1035 1525 1225 1619 Zingerle
1243 1537 1343 1599 Pius
1358 1537 1780 1620 (Mariaemontanus)‚

948 1665 1053 1715 natus
1069 1653 1251 1715 Meraniae
1273 1674 1318 1732 17.
1337 1654 1441 1717 Mart.
1464 1658 1554 1734 1801,
1577 1667 1723 1736 peracto
1744 1656 1780 1717 in

948 1778 1036 1837 urbe
1053 1775 1169 1855 patria
1185 1776 1362 1858 gymnasii
1385 1796 1426 1837 ac
1449 1774 1651 1856 Oeniponte
1667 1776 1781 1857 philo·

949 1897 1097 1978 sophiae
1114 1917 1179 1959 nec
1196 1918 1265 1959 11011
1278 1898 1433 1960 biennali
1452 1897 1655 1979 theologiae
1673 1898 1782 1960 curri-

949 2019 1028 2079 culo
1049 2018 1197 2099 egregia
1219 2019 1350 2099 ubique
1373 2030 1447 2080 tum
1471 2039 1682 2102 progressus
1706 2029 1781 2081 tum

950 2159 1084 2201 morum
1101 2140 1205 2202 laude
1223 2140 1281 2201 die
1299 2159 1348 2218 27.
1366 2141 1429 2205 Iul.
1451 2146 1532 2204 1820
1547 2141 1707 2223 legitime
1724 2161 1782 2203 su-

950 2270 1094 2342 sceptus
1119 2272 1155 2323 et
1183 2266 1229 2325 15.
1257 2261 1334 2324 Oct.
1359 2283 1389 2325 e.
1414 2283 1444 2326 a.
1469 2263 1627 2325 ordinem
1652 2274 1707 2325 est
1730 2262 1782 2325 in-

950 2403 1105 2465 gressus.
1131 2384 1198 2445 Die
1222 2404 1272 2445 20.
1292 2383 1370 2448 Oct.
1393 2390 1470 2447 1822
1493 2364 1577 2448 vota
1599 2385 1782 2447 sollemnia

951 2505 1076 2586 emisit,
1098 2529 1128 2583 4.
1146 2505 1233 2586 Apr.
1256 2512 1338 2584 1824
1356 2507 1526 2569 Brixinae
1543 2510 1712 2570 sacerdos
1728 2528 1784 2570 sa·

951 2636 1069 2689 cratus
1096 2649 1141 2705 19.
1168 2647 1196 2690 e.
1220 2649 1263 2691 m.
1289 2629 1438 2709 primam
1462 2628 1540 2691 Deo
1564 2630 1783 2692 incruentam

951 2749 1102 2811 hostiam
1120 2750 1257 2812 obtulit.
1276 2750 1415 2812 Exinde
1430 2752 1584 2814 deducto
1601 2753 1782 2833 sexenni0,

952 2890 1022 2951 quo
1045 2871 1080 2932 in
1103 2872 1299 2934 animarum
1324 2893 1442 2934 curam
1465 2873 1502 2934 in
1523 2873 1620 2935 Platt
1641 2883 1677 2935 et
1692 2876 1738 2935 ad
1755 2893 1782 2937 S.

952 2991 1096 3054 Martini
1117 2993 1152 3054 111
1169 2993 1339 3075 Passyria
1364 3014 1501 3056 summa
1525 2995 1710 3077 diligentia
1733 2996 1784 3057 111-

952 3113 1083 3195 cubuit,
1109 3115 1143 3176 in
1166 3117 1354 3196 gymnasio
1371 3116 1574 3179 Meranensi
1599 3137 1712 3198 usque
1737 3119 1783 3180 ad

952 3255 1081 3297 annum
1098 3240 1174 3297 1862
1191 3237 1478 3299 adolescentibus
1492 3238 1718 3301 instituendis
1731 3248 1783 3302 to-

951 3367 1025 3419 tum
1058 3378 1095 3420 se
1128 3358 1274 3421 tradidit
1302 3359 1474 3440 simulque
1506 3362 1551 3422 ab
1579 3380 1671 3423 anno
1703 3365 1781 3423 1852

951 3500 1086 3541 summa
1107 3500 1185 3542 cum
1207 3482 1312 3543 laude
1333 3483 1520 3564 gymnasio
1546 3491 1582 3544 et
1606 3482 1785 3563 professo-

950 3621 1027 3662 rum
1044 3602 1195 3684 collegio
1208 3603 1373 3683 praefuit.
1398 3604 1438 3664 In
1455 3603 1585 3685 linguis
1603 3613 1639 3666 et
1654 3604 1784 3669 litteris

950 3724 1160 3803 populorum
1175 3722 1432 3805 Semiticorum,
1450 3725 1661 3805 praesertim
1674 3724 1783 3808 Syro-

950 3864 1035 3925 rum,
1053 3845 1314 3927 investigandis
1330 3847 1509 3908 assiduam
1527 3848 1716 3910 collocavit
1732 3849 1783 3911 in-

952 3967 1132 4030 dustriam.
1158 3966 1275 4047 Quare
1293 3968 1436 4030 ineunte
1453 3989 1546 4031 anno
1564 3973 1642 4031 1862
1661 3990 1682 4031 a
1698 3972 1783 4032 bea-

951 4088 1087 4149 tissimo
1104 4088 1212 4150 Patre
1229 4091 1294 4151 Pio
1308 4090 1374 4152 IX.
1392 4091 1546 4153 Romam
1564 4102 1619 4154 est
1635 4102 1784 4155 vocatus

952 4211 1072 4291 ibique
1103 4210 1139 4272 in
1170 4211 1457 4293 archigymnasio
1487 4211 1688 4294 (Sapienza)
1720 4234 1786 4295 per

952 4342 1091 4414 septem
1100 4333 1217 4414 spatia
1227 4334 1412 4396 semestria
1425 4334 1582 4416 linguam
1592 4336 1785 4398 Arabicam
1808 4339 1811 4343 ’

952 4455 1097 4535 publica
1110 4455 1323 4517 auctoritate
1335 4456 1490 4518 tradidit.
1509 4455 1581 4519 Sed
1595 4477 1673 4518 cum
1684 4458 1784 4519 caelo

953 4577 1119 4638 Romano
1133 4579 1346 4639 adsuescere
1362 4597 1432 4638 non
1448 4585 1581 4658 posset,
1599 4579 1645 4639 ad
1661 4598 1784 4640 mona-

954 4699 1099 4761 sterium
1113 4718 1214 4759 suum
1226 4718 1390 4760 reversus
1403 4718 1445 4759 ac
1457 4698 1653 4779 subprioris
1668 4698 1785 4779 digni-

953 4829 1028 4882 tate
1045 4830 1190 4881 ornatus
1203 4838 1315 4899 usque
1328 4819 1374 4879 ad
1392 4823 1470 4897 1878
1486 4818 1631 4880 clericos
1644 4829 1784 4882 nostros

954 4941 1174 5022 theologicas
1200 4939 1319 5002 docuit
1343 4939 1560 5020 disciplinas.
1589 4940 1693 5003 Votis
1716 4942 1785 5003 sol-

953 5061 1128 5124 lemnibus
1146 5066 1195 5123 28.
1207 5060 1285 5124 Oct.
1301 5066 1379 5139 1872
1397 5061 1578 5123 renovatis
1595 5061 1785 5123 iubilaeum

954 5184 1176 5246 sacerdotale
1195 5187 1224 5246 6.
1241 5182 1328 5264 Apr.
1352 5186 1432 5261 1874
1453 5181 1671 5245 sollemniter
1693 5184 1785 5245 cele-

952 5306 1080 5369 bravit.
1105 5305 1173 5366 Hic
1190 5305 1245 5366 vir
1260 5316 1393 5386 quanta
1414 5305 1482 5366 sibi
1503 5305 1629 5367 merita
1653 5306 1697 5366 de
1720 5325 1785 5386 pu-

953 5428 1047 5490 blica
1062 5427 1229 5490 iuvenum
1251 5427 1473 5490 institutione
1499 5436 1535 5488 et
1559 5428 1602 5489 de
1626 5427 1784 5490 humani-

1519 5531 1575 5593 67*
