4222 6106
922 461 1201 544 „406-

279 651 496 746 Stingeder
511 664 706 743 Raphael
729 663 1022 745 (Cremifanen-

192 781 272 862 sis),
290 780 501 844 Austriacus
519 779 887 863 Gallneukirchensis,
912 781 968 843 die
997 802 1021 842 1.

192 902 291 983 Sept.
313 907 389 965 1831
416 915 520 965 natus
546 904 720 966 absolutis
738 903 928 966 Cremifani
951 914 1022 964 stu·

192 1027 258 1088 diis
276 1026 333 1088 die
352 1048 401 1087 22.
419 1027 514 1107 Aug.
533 1026 676 1088 indutus
693 1045 797 1087 cursu
818 1021 1021 1106 theologico

190 1149 225 1210 in
243 1149 405 1211 instituto
428 1149 624 1210 domestico
649 1150 695 1209 ad
717 1167 743 1211 S.
761 1147 916 1209 Floriani
941 1165 1023 1207 con-

190 1271 286 1333 fecto
303 1272 360 1332 die
378 1293 427 1333 22.
438 1272 532 1352 Aug.
547 1274 626 1348 1854
641 1270 735 1332 votis
752 1288 832 1331 sese
845 1267 1022 1330 sollemni-

190 1395 257 1455 bus
277 1393 403 1474 ligavit
425 1403 460 1454 et
478 1414 528 1470 29.
546 1392 608 1453 Iul.
631 1396 708 1453 1855
737 1391 772 1452 in
795 1391 1022 1452 sacerdotum

191 1534 372 1576 numerum
389 1515 521 1577 relatus
538 1523 601 1575 est.
632 1517 797 1590 1855-59
811 1518 1023 1591 cooperator

190 1649 226 1699 et
242 1636 457 1717 aliquamdiu
470 1635 633 1715 provisor
645 1634 679 1695 in
691 1632 927 1714 Sipbachzell,
941 1636 1021 1710 1859

189 1763 317 1819 -1806
335 1766 546 1837 cooperator
563 1755 597 1816 in
614 1754 875 1834 Buchkirchen,
897 1757 1019 1815 1866-

194 1885 270 1958 1871
291 1880 428 1941 culinae
448 1889 484 1939 et
499 1898 564 1960 per
580 1877 768 1939 triennium
784 1875 888 1937 simul
904 1874 954 1936 rei
970 1873 1022 1935 vi·

190 2003 310 2066 nariae
320 2001 534 2083 praefectus,
548 2001 594 2060 ab
608 2018 700 2060 anno
715 2002 792 2076 1871
809 1995 1021 2058 novitiorum

191 2125 370 2207 magister,
389 2117 595 2185 clericorum
613 2121 776 2199 director,
801 2139 828 2181 s.
847 2117 1021 2199 supellec·

190 2247 262 2309 tilis
280 2256 400 2308 custos
418 2255 453 2305 et
471 2242 664 2305 nosocomii
687 2243 732 2302 ad
753 2261 780 2304 s.
792 2238 1022 2302 Vi'ncentium

191 2367 382 2429 Cremifani
398 2364 612 2446 praefectus

277 2514 399 2575 Edidit
414 2514 557 2575 librum:

279 2669 333 2722 bie
351 2664 544 2721 Stiftskirche
566 2683 601 2718 zu
625 2664 869 2716 Kremsmdnster
893 2659 944 2714 mit
967 2656 1021 2712 der

190 2769 429 2845 Frauenkapelle
443 2768 502 2824 und
515 2766 761 2823 Schatzkammer
777 2764 850 2819 kurz
866 2762 1020 2819 beschrie·
1059 2786 1061 2793 ·

1059 2800 1061 2917 i
1100 2859 1156 2909 tor
1173 2849 1348 2911 unitarum
1367 2850 1599 2926 ecclesiarum
1622 2850 1658 2912 in
1681 2847 1833 2920 Bondorf,
1850 2864 1888 2907 uo·

188 2875 247 2931 ben
265 2878 302 2930 im
321 2873 492 2950 Jubeljahre
514 2871 604 2943 1877.
630 2868 659 2946 (i.
682 2888 708 2924 e.
730 2869 904 2943 Descriptio
922 2864 1020 2921 eccle·

189 2979 442 3036 siae·claustralis
465 2975 707 3039 Cremifanensis‚
732 2973 834 3029 sacelli
857 2972 889 3026 B.
907 2972 1019 3026 Mariae
1058 2996 1061 3057 7

1192 653 1377 728 Stdcklin
1409 666 1527 731 Oddo
1560 666 1898 750 (San-Blasianusl.

1104 780 1297 863 Septennis
1306 787 1474 861 sacerdos
1484 784 1897 852 confessariusmonialiun

1103 904 1137 965 in
1151 907 1373 984 parthenone
1388 906 1598 969 Beroviensi
1615 906 1829 989 constitutus
1842 930 1896 972 eam

1104 1024 1170 1086 sibi
1192 1028 1288 1108 apud
1314 1028 1491 1089 dominam
1513 1028 1756 1111 praepositam
1770 1029 1894 1094 fiduciam

1103 1148 1341 1229 comparavit,
1372 1159 1412 1211 ut
1439 1149 1547 1211 etiam
1574 1151 1621 1211 ab
1648 1148 1764 1212 officio
1786 1163 1892 1231 remoto,

1103 1267 1188 1329 nihil
1205 1272 1341 1351 absque
1360 1271 1436 1332 eius
1449 1271 1596 1333 consilio
1608 1281 1708 1333 recte
1724 1271 1840 1333 factum
1852 1294 1892 1354 pu·

1103 1399 1206 1453 taret.
1238 1392 1327 1454 Post
1354 1402 1435 1454 octo
1461 1412 1573 1454 annos
1598 1392 1732 1454 ibidem
1755 1393 1891 1472 toleratos,

1102 1514 1301 1575 sacellarius
1318 1514 1460 1577 abbatis
1472 1514 1649 1577 Meinradi
1662 1513 1772 1576 diaria
1785 1514 1890 1594 copiosa

1103 1634 1323 1715 conscripsit,
1346 1656 1416 1697 non
1437 1636 1597 1716 hospites
1620 1645 1757 1698 tantum
1780 1646 1810 1697 et
1828 1655 1890 1697 com-

1102 1755 1220 1817 munia
1237 1767 1272 1817 et
1289 1767 1471 1838 consueta,
1487 1759 1552 1818 sed
1564 1776 1804 1838 quaecumque
1817 1758 1842 1818 111
1852 1777 1890 1818 ne·

1102 1877 1210 1959 gotiis
1235 1879 1387 1960 publicis
1410 1887 1630 1960 pertractata
1654 1878 1801 1957 fuerunt,
1820 1898 1889 1940 accu-

1101 2010 1178 2060 rate
1208 2009 1243 2061 et
1271 2000 1405 2061 utiliter
1432 2000 1602 2062 inserens.
1639 1997 1888 2063 Grafenhusanae

1102 2120 1293 2199 parochiae
1302 2121 1518 2203 praefectus,
1530 2122 1648 2184 diruta
1656 2124 1767 2185 veteri
1780 2123 1888 2197 ruinosa,

1102 2243 1256 2322 amplam
1273 2252 1310 2304 et
1326 2253 1544 2306 sumtuosam
1557 2243 1806 2306 habitationem
1819 2261 1888 2322 paro·

1102 2363 1202 2424 chiae
1214 2363 1338 2425 vicarii
1354 2364 1478 2426 erexit.
1504 2364 1597 2426 Dein
1612 2366 1767 2427 decanus
1780 2385 1802 2427 s.
1813 2361 1888 2424 Blasii

1101 2484 1293 2548 infaustum
1321 2486 1424 2546 nimis
1452 2486 1593 2548 aedium
1622 2489 1649 2547 s.
1677 2486 1784 2547 Blasii
1807 2486 1888 2546 iucen-

1102 2605 1196 2667 dium
1214 2606 1271 2667 die
1290 2612 1339 2669 23.
1357 2607 1420 2668 Iul.
1443 2612 1522 2685 1768
1539 2608 1686 2669 moestis
1708 2607 1809 2669 oculis
1822 2604 1888 2665 vidit.

1100 2726 1285 2790 Dissoluto
1308 2739 1484 2790 conventu
1507 2728 1687 2810 Blasiano,
1711 2726 1888 2789 administra·

1099 2990 1179 3031 vem
1208 2971 1310 3033 annis
1338 2970 1492 3033 officium
1521 2972 1656 3035 utiliter
1679 2971 1836 3042 servavit,
1856 2965 1889 3025 vit

189 3085 321 3156 Virginis
352 3095 382 3137 et
413 3080 622 3155 gazophylacii
655 3077 692 3132 ad
723 3096 832 3132 annum
859 3075 1019 3131 iubilaeum
1058 3062 1060 3155 1
1099 3112 1241 3172 semper
1271 3094 1486 3175 laboriOSUS,
1520 3103 1555 3156 et
1587 3095 1809 3175 provehendo
1835 3105 1888 3151 colt-

194 3188 271 3260 1877
297 3182 430 3262 scripta.)
456 3185 540 3247 Lim,
567 3180 810 3237 Buchdruckerei
834 3179 888 3234 des
912 3179 963 3234 kat

115 3359 119 3368 Ι
189 3293 301 3347 lischen
319 3290 538 3345 Presstereins
557 3285 775 3357 Sclbsti‘erlag.
793 3281 835 3339 8⁰.
854 3282 895 3339 60
912 3301 940 3357 p.

275 3453 432 3548 Stingel
462 3462 729 3524 Coelestinus
758 3460 1017 3541 (Emautinus

188 3580 590 3658 Montserratensis),
611 3579 791 3640 Bohemus
814 3577 1016 3658 PragensiS,

95 3759 98 3765 .
188 3714 290 3766 natus
308 3709 399 3782 1819,
416 3701 599 3782 professus
618 3705 707 3780 1844,
723 3701 912 3780 presbyter
925 3698 1016 3796 ordi·-

1057 3168 1060 3193 Ι

966 3179 1019 3234 Μ’
1057 3198 1060 3279 i
1098 3215 1319 3297 gregationis
1340 3217 1530 3277 Blasianae
1557 3216 1743 3278 commodo
1764 3215 1888 3276 intentus.

1098 3338 1211 3399 Lenta
1232 3337 1323 3399 febri
1342 3337 1392 3399 ita
1414 3348 1629 3417 consumtus,
1648 3348 1687 3399 ut
1708 3346 1835 3416 praeter
1851 3349 1888 3390 eu·

1098 3469 1169 3520 tem
1195 3470 1230 3521 et
1254 3479 1336 3521 ossa
1360 3460 1445 3520 nihil
1473 3470 1689 3538 remaneret,
1714 3460 1758 3520 ad
1781 3466 1887 3518 mortem

1098 3583 1156 3662 pie
1178 3581 1382 3662 dispositus,
1407 3581 1547 3661 placide
1570 3580 1782 3642 obdormivit
1802 3580 1829 3638 in
1848 3574 1886 3632 do·

1098 3704 1191 3765 mino
1208 3705 1264 3765 die
1283 3708 1333 3765 28.
1351 3704 1457 3785 Aug,
1483 3721 1575 3764 anno
1598 3712 1782 3782 reparatae
1801 3693 1886 3759 salutis

186 3837 289 3887 natus
310 3831 400 3903 1845,
424 3824 633 3904 capellanus
650 3822 860 3903 campestris
878 3822 1016 3903 (111111ϊᾶ-
1055 3850 1057 3944 7
1102 3831 1192 3905 1778,
1210 3846 1302 3887 anno
1319 3825 1448 3886 aetatis
1466 3829 1550 3900 59⁰¹0.

185 3948 243 4027 ris)
262 3949 297 4009 in
315 3946 426 4025 ltalia,
444 3946 629 4006 catecheta
652 3954 688 4004 et
711 3943 892 4024 professor
916 3943 1016 4004 kalli-
1055 3949 1058 4017 l

185 4069 367 4148 graphiae,
378 4066 653 4147 stenographiae
667 4075 703 4127 et
716 4066 802 4127 artis
816 4065 1016 4127 delineandi

187 4190 220 4250 in
243 4189 431 4270 gymnasio
453 4187 686 4249 Benedictino
708 4187 896 4249 Emautino
913 4189 1016 4249 Klat-

185 4311 304 4372 toviae
317 4311 494 4389 emerituS,
506 4309 690 4370 sacristiae
700 4309 904 4370 monasterii
915 4328 1017 4388 prae-

185 4433 311 4512 fectus,
328 4432 444 4512 pictor
461 4432 580 4512 plures
597 4450 746 4511 magnas
764 4430 938 4511 imagines
955 4431 1016 4491 im-

185 4567 388 4637 peratorum
406 4554 676 4615 Austriacorum
698 4551 732 4613 in
754 4552 851 4613 curia
872 4561 1016 4614 senatus

185 4676 446 4739 Klattoviensis
468 4686 504 4737 et
529 4676 648 4755 plures
670 4694 820 4755 magnas
843 4674 1016 4756 imagines

185 4819 304 4860 sacras
321 4799 504 4877 ecclesiae,
523 4816 615 4877 quae
633 4807 740 4858 antea
752 4796 820 4858 fuit
833 4797 1016 4858 societatis

184 4921 265 4981 lesu
298 4919 528 5000 Klattouiae,
562 4921 681 4999 plures
713 4939 862 5000 magnas
893 4919 1016 5001 imagi·

1185 3947 1353 4028 Sequitur
1370 3948 1445 4009 eius
1463 3947 1758 4026 manuscriptum:

1185 4075 1317 4129 Diarium
1338 4074 1511 4129 monasterii
1532 4091 1556 4127 S.
1582 4072 1671 4127 Blasii
1701 4071 1756 4127 sub
1780 4064 1884 4141 regimine

1098 4180 1242 4254 principis
1265 4176 1384 4233 abbatis
1408 4176 1552 4232 Meinradi
1581 4175 1758 4248 1760—63.
1784 4169 1884 4229 Continet

1098 4285 1126 4338 in
1144 4299 1162 4354 4
1180 4285 1267 4338 tomis
1288 4279 1428 4359 (infolio)
1453 4280 1513 4352 565
1538 4279 1618 4343 solia,
1644 4294 1674 4335 et
1698 4279 1848 4335 adservatur
1864 4269 1883 4321 in

1098 4386 1222 4442 archivo
1240 4384 1452 4440 San-Fauiano
1469 4386 1525 4439 No.
1548 4384 1617 4455 103.

1184 4549 1335 4622 Stoehr
1368 4559 1619 4621 Dominicus
1652 4556 1886 4640 (Emautinu

1097 4676 1507 4757 Montserratensis),
1546 4663 1885 4755 Bohemo-Lippensis

1099 4800 1478 4880 (Bohmisch-Leippe),
1493 4809 1597 4860 natus
1619 4803 1697 4877 1752
1717 4799 1771 4860 die
1790 4787 1887 4872 14.lul·‚

1096 4922 1278 5002 professus
1300 4941 1378 4999 1777
1393 4921 1451 4982 die
1467 4926 1516 4982 25.
1531 4923 1629 5001 Dec,
1646 4920 1814 5001 primitias
1827 4912 1889 4976 cele-

185 5061 247 5102 nes
264 5043 434 5103 abbatum
451 5040 804 5102 Montserratensium
822 5042 963 5122 Pragae
981 5040 1015 5101 in
1095 5043 1212 5105 bravit
1228 5048 1310 5121 1780
1323 5043 1380 5104 die
1396 5047 1445 5105 28.
1460 5041 1571 5122 Sept,
1588 5052 1748 5104 mortuus
1762 5037 1892 5119 1181111-

184 5165 314 5225 Emaus
332 5173 368 5226 et
385 5165 558 5245 imagines
580 5184 729 5245 magnas
750 5165 901 5243 plurium
924 5165 1015 5226 cele·
1100 5169 1189 5226 1820.
1216 5167 1248 5226 A
1269 5165 1463 5245 primordio
1488 5164 1596 5225 erecti
1615 5164 1755 5246 Pragae
1775 5153 1896 5225 instituti

183 5286 297 5346 brium
313 5285 467 5346 virorum
490 5305 534 5346 ex
552 5287 674 5348 ordine
696 5286 809 5348 sancti
827 5285 1013 5347 Benedicti
1095 5289 1140 5348 ad
1173 5287 1385 5348 erudiendos
1422 5284 1705 5365 Sumo-mutos,
1745 5278 1901 5347 erudiendi

185 5406 331 5486 egregie
348 5406 543 5467 renovavit.
1052 5394 1055 5459 Ι
1095 5408 1184 5487 illos,
1209 5409 1268 5488 qui
1294 5427 1359 5469 nec
1385 5407 1532 5469 audiunt
1557 5428 1624 5470 nec
1646 5408 1745 5488 loqui
1769 5412 1905 5490 possunt,
