4222 6106
836 512 879 522 -
924 475 1074 539 XXVII
1118 512 1161 522 -

126 701 194 764 fuit
217 701 421 784 vigilantia,
445 711 484 764 ut
508 702 617 781 (1275)
647 701 776 782 dignus
799 703 1005 782 haberetur,
1037 702 1096 782 qui
1120 703 1312 782 episcopus
1337 700 1557 764 Lavantinus
1588 711 1866 767 consecraretur.

127 841 256 922 Etiam,
274 842 333 922 qui
350 842 601 921 succedebant,
619 840 791 922 imprimis
806 841 1024 903 Weriandus
1041 843 1154 903 abbas
1169 840 1324 923 vestigia
1340 840 1415 902 eius
1432 859 1593 920 premere
1609 842 1820 905 studuerunt
1831 841 1864 922 ¹).

126 980 168 1042 In
189 979 373 1042 Carinthia
396 980 648 1042 monachorum
672 979 999 1061 Salisburgensium
1022 999 1131 1061 opera
1156 979 1262 1042 etiam
1285 999 1378 1041 nova
1402 980 1651 1061 praepositura
1675 981 1864 1065 Wietingii

128 1119 322 1182 constituta
345 1128 401 1181 est
416 1119 450 1199 ²).

259 1257 310 1320 Ut
340 1257 377 1320 in
410 1257 557 1338 reliquis
588 1258 752 1339 partibus
780 1256 986 1338 provinciae
1014 1255 1296 1338 Salisburgensis
1330 1257 1380 1319 ita
1410 1257 1517 1320 etiam
1548 1259 1583 1319 in
1612 1258 1723 1321 Tiroli
1750 1260 1865 1322 Bene·

128 1395 252 1458 dictini
275 1395 393 1459 officio
417 1415 481 1458 suo
505 1405 649 1458 strenue
678 1395 935 1478 fungebantur,
968 1395 1130 1476 quamvis
1160 1395 1254 1457 vires
1286 1414 1406 1457 eorum
1437 1396 1717 1460 debilitarentur.
1762 1398 1864 1462 India

127 1538 208 1618 plus
235 1540 301 1614 450
327 1535 430 1598 annis
457 1545 539 1616 post
567 1554 673 1615 quam
703 1534 846 1596 condita
874 1543 961 1615 erat,
994 1555 1072 1612 1142
1102 1533 1137 1595 in
1166 1534 1393 1615 collegiatum
1423 1534 1674 1598 transformata
1704 1546 1758 1600 est
1772 1536 1796 1617 ³)
1829 1549 1866 1600 et

126 1673 353 1738 Benedictini
382 1693 409 1737 s.
439 1672 620 1736 Laurentii
650 1671 849 1736 Tridentini
883 1677 962 1735 1235
996 1672 1136 1734 circiter
1169 1673 1310 1734 domum
1338 1672 1521 1754 antiquam
1552 1675 1723 1741 ordini's.
1753 1678 1863 1741 Fran·

127 1815 212 1878 cisci
236 1834 350 1894 nuper
374 1823 453 1876 orto
477 1824 731 1876 concesserunt
745 1814 780 1894 ⁴).
819 1814 937 1876 Nihilo
968 1813 1082 1875 minus
1113 1814 1275 1876 monachi
1307 1833 1397 1894 opus
1430 1833 1531 1876 suum
1561 1815 1741 1897 persecuti
1771 1826 1863 1880 sunt.

125 1953 269 2015 Incolae
292 1953 423 2015 montis
446 1971 473 2014 s.
499 1950 647 2035 Georgii
677 1972 861 2015 amoenam
890 1953 1019 2015 vallem
1043 1954 1188 2034 Achen,
1221 1974 1326 2034 quam
1358 1975 1436 2016 1112
1471 1953 1610 2017 circiter
1640 1956 1733 2018 dono
1764 1975 1865 2019 acce-

125 2102 265 2176 perant,
283 2094 401 2155 colere
418 2103 613 2174 coeperunt
630 2102 666 2154 et
683 2091 818 2175 Fiecht,
835 2092 1006 2174 oppidum
1022 2113 1114 2155 nunc
1132 2093 1339 2174 opulentum
1355 2093 1389 2156 in
1407 2094 1586 2164 radicibus
1603 2093 1731 2156 montis
1747 2088 1863 2176 situm,

127 2251 248 2294 eorum
272 2231 393 2294 sudori
422 2231 594 2313 originem
624 2231 781 2311 debers).
821 2230 975 2293 Eosdem
1005 2250 1091 2293 vero
1122 2230 1333 2311 disciplinae
1362 2231 1536 2314 regularis
1567 2240 1712 2294 tenaces
1743 2232 1864 2314 fuisse,

126 2371 238 2433 multa
253 2368 429 2433 beneficia
445 2371 490 2431 ab
507 2369 687 2451 episcopis
703 2368 976 2432 Brixinensibus
991 2369 1035 2431 iis
1052 2370 1192 2432 conlata
1209 2372 1421 2432 documento
1438 2379 1537 2442 sunt;
1555 2380 1663 2451 atque
1680 2369 1866 2437 Conradus,

18 2494 24 2505 ’
126 2508 320 2590 episcopus
343 2507 572 2570 Tridentinus
600 2512 679 2569 1205
706 2509 828 2570 sedem
850 2506 900 2569 ibi
923 2508 1123 2570 conlocavit
1137 2507 1171 2589 ⁶).
1210 2507 1336 2589 Neque
1359 2507 1414 2569 his
1443 2508 1626 2570 inferiores
1658 2518 1759 2571 erant
1791 2529 1864 2572 mo-

125 2647 231 2711 nachi
253 2646 561 2727 Mariaemontani,
586 2645 749 2726 quamvis
772 2666 793 2708 a
816 2645 993 2708 tutoribus
1016 2646 1176 2728 graviter
1203 2654 1420 2709 vexarentur
1447 2649 1549 2728 adeo,
1577 2658 1616 2711 ut
1638 2648 1864 2711 Hermannus

125 2789 240 2849 abbas
274 2785 489 2864 intrepidam
524 2782 767 2847 defensionem
802 2784 1007 2847 monasterii
1042 2791 1123 2863 1304
1159 2785 1277 2865 capite
1311 2786 1425 2848 lueret
1442 2785 1475 2866 ⁷).
1522 2784 1692 2849 Similiter
1724 2787 1861 2850 incolae

126 2924 271 3008 Augiae
294 2924 437 2986 maioris
463 2923 501 2985 in
524 2922 682 2986 colendis
711 2922 805 3005 iugis
837 2923 1008 2986 montium
1031 2923 1320 3005 Brigantinorum
1350 2922 1459 2986 defixi
1490 2934 1592 2987 erant
1620 2924 1741 3006 ibique
1769 2946 1863 2990 com·

125 3066 249 3146 plures
272 3063 462 3143 parochias
485 3072 524 3125 ut
546 3062 866 3143 Alberschwende,
895 3062 1160 3144 Andelsbuche,
1184 3061 1371 3143 Lingenau
1395 3071 1478 3125 cett.
1503 3063 1737 3127 condiderunt
1751 3062 1784 3144 ⁸).

256 3202 421 3264 Exeunte
437 3220 522 3264 vero
538 3202 682 3264 saeculo
698 3201 836 3263 decimo
857 3212 984 3281 quarto
1007 3201 1075 3262 hoc
1099 3201 1254 3263 studium
1278 3202 1533 3282 elanquescere
1556 3210 1592 3265 et
1615 3202 1724 3265 menti
1748 3205 1862 3266 malae

124 3361 166 3403 ac
189 3360 326 3422 pravae
348 3341 464 3403 locum
487 3341 573 3402 dare
604 3340 733 3421 coepit.
780 3339 941 3404 Schisma
972 3339 1092 3421 triste,
1125 3359 1195 3420 quo
1226 3339 1364 3401 viscera
1393 3339 1567 3403 ecclesiae
1594 3339 1663 3403 Dei
1692 3340 1863 3404 dilacera-

123 3481 271 3560 bantur,
296 3489 333 3541 et
357 3477 551 3541 certamina
580 3479 723 3560 crebra,
755 3497 847 3559 quae
871 3480 918 3539 ab
945 3482 1024 3556 1379
1049 3487 1197 3558 propter
1220 3476 1432 3558 partitiones
1456 3487 1628 3540 terrarum
1650 3477 1744 3541 inter
1766 3479 1863 3560 prin·

124 3618 225 3699 cipes
247 3618 551 3700 Habsburgenses
575 3625 801 3699 exarserant,
830 3617 936 3681 etiam
961 3616 1300 3699 congregationibus
1323 3615 1546 3698 regularibus
1569 3615 1686 3678 fraudi
1708 3616 1862 3681 fuerunt.

124 3755 235 3818 Aliud
259 3776 401 3838 quoque
424 3755 587 3819 accessit.
630 3756 671 3818 In
694 3755 853 3837 plurimis
876 3754 1100 3818 monasteriis
1128 3754 1289 3817 fortunas
1321 3754 1484 3817 omnibus
1503 3773 1718 3831 ‚communes
1749 3758 1864 3819 abbas

124 3906 161 3960 et
183 3896 381 3976 capitulum
403 3895 496 3958 inter
518 3915 558 3958 se
581 3895 704 3977 partiti
728 3905 828 3958 erant
855 3906 892 3959 et
920 3896 1014 3957 haud
1043 3893 1150 3977 pauci
1180 3896 1331 3956 abbates
1362 3913 1432 3956 non
1463 3893 1768 3957 administratores
1799 3897 1864 3958 sed

123 4033 286 4097 dominos
319 4053 437 4097 rerum
468 4054 506 4097 se
542 4053 622 4097 esse
656 4034 905 4116 opinabantur.
952 4032 1103 4096 Comitia
1140 4032 1292 4115 ordiniS,
1327 4033 1363 4096 in
1400 4033 1548 4116 synodis
1584 4033 1862 4115 provincialibus

122 4171 461 4256 Salisburgensibus
484 4173 592 4236 etiam
615 4181 724 4254 atque
752 4173 860 4237 etiam
883 4174 1147 4254 commendata,
1180 4181 1217 4234 et
1246 4171 1472 4234 visitationes
1501 4172 1794 4235 monasteriorum
1826 4173 1862 4235 in

121 4311 339 4375 oblivionem
363 4322 465 4375 erant
488 4313 663 4394 adducta,
693 4320 815 4374 votum
846 4311 963 4394 ipsum
991 4311 1216 4394 paupertatis
1247 4311 1442 4375 identidem
1474 4311 1728 4376 oblitteratum.
1772 4312 1862 4375 Inde

253 4617 274 4697 ¹)
299 4618 380 4675 Beda
403 4617 532 4688 Schroll‚
557 4620 620 4676 Das
645 4617 943 4677 Benedictiner-Stist
965 4616 1010 4675 St.
1034 4618 1117 4674 Paul.

251 4730 275 4811 2)
298 4732 470 4788 Chronicon
494 4733 698 4789 novissimum.

250 4842 274 4922 ³)
297 4845 413 4919 Egger,
437 4842 622 4900 Gcschichte
644 4862 705 4900 von
728 4843 825 4901 Tirol.

251 4955 273 5035 ⁴)
296 4957 402 5031 Egger
426 4957 444 5014 Ι.
470 4975 496 5014 0.

252 5065 274 5147 5)
297 5069 509 5137 Wendenthal‚
534 5069 673 5126 Oesterr.
697 5069 837 5125 Klerisei.

251 5176 274 5259 6)
297 5180 431 5250 81011101,
456 5182 521 5238 Das
544 5181 690 5238 deutsche
713 5181 810 5238 Tirol.

252 5292 274 5373 7)
297 5294 422 5352 Statiler
445 5296 464 5352 l.
488 5313 515 5351 0.

252 5402 475 5487 ⁸)Bergmanu,
498 5407 713 5482 Necrologium
736 5406 857 5482 Augiae
881 5406 1014 5462 maioris.
