4222 6106
851 477 1124 539 -XIX-

111 706 365 768 monasterium
385 715 500 766 ortum
517 715 571 766 est
589 709 620 784 ι).
659 706 764 765 Anno
786 704 917 780 1199111
942 704 1053 764 densa
1069 703 1160 763 silva
1176 722 1288 784 prope
1305 703 1481 784 Iglaviam
1498 702 1647 765 abbatia
1663 704 1853 767 'l'rebicum

111 846 261 925 exstitit,
286 845 386 907 cuius
410 845 613 906 conditores
637 843 828 905 Udalricus
852 853 888 904 et
912 842 1085 904 Lutoldus
1108 841 1289 922 principes
1306 842 1490 903 Moraviae
1511 841 1622 903 fuisse
1646 841 1810 904 dicuntur
1820 844 1853 923 2).

112 983 227 1046 Huius
250 982 456 1045 monasterii
480 991 515 1044 et
532 981 723 1064 Raigradii
740 989 776 1043 et
792 979 951 1043 Gradicii
975 999 1085 1061 opera
1110 979 1290 1041 indefessa
1315 979 1538 1060 potissimum
1554 980 1717 1042 Moravia
1733 982 1854 1042 huma·

113 1123 224 1184 nitate
248 1121 360 1184 tincta
383 1132 448 1183 est.
486 1121 553 1182 His
578 1120 731 1200 denique
760 1139 841 1180 1120
858 1118 1115 1180 Willimovium
1139 1137 1252 1199 prope
1269 1117 1490 1181 Czaslaviam
1515 1118 1737 1199 principibus
1755 1120 1853 1199 Apo-

114 1261 282 1322 stolorum
306 1268 552 1322 consecratum
576 1257 738 1339 accessit,
764 1257 943 1319 conditum
961 1276 982 1317 a
998 1254 1187 1318 Guilielmo
1205 1256 1345 1337 (Vilem)
1371 1256 1499 1318 comite
1523 1259 1568 1318 de
1584 1255 1770 1339 Sulzbach‚
1793 1259 1854 1340 qui

117 1418 186 1461 una
210 1418 288 1460 cum
313 1398 422 1460 fratre
445 1398 652 1460 Hermanno
676 1396 816 1477 magnis
839 1394 990 1456 fortunis
1014 1395 1050 1456 id
1074 1394 1309 1474 locupletavit
1324 1395 1358 1474 ³).

244 1562 322 1625 Hoc
339 1563 482 1625 saeculo
499 1562 606 1624 etiam
622 1561 733 1623 Porta
749 1561 1016 1641 Apostolorum,
1034 1559 1187 1640 Selavia‚
1204 1558 1430 1622 Podlaiicum
1447 1560 1614 1622 abbatiae
1637 1561 1854 1624 constitutae

114 1710 206 1761 sunt.
246 1699 325 1780 Quo
349 1718 441 1760 anno
460 1709 496 1760 et
512 1719 533 1759 a
550 1698 678 1778 quibus
694 1698 803 1759 Porta
820 1696 1087 1777 Apostolorum,
1105 1717 1196 1777 quae
1221 1716 1348 1759 nomen
1373 1718 1393 1758 a
1416 1699 1575 1778 patronis
1599 1698 1731 1761 sanctis
1753 1699 1854 1780 Apo·

114 1838 216 1899 stolis
238 1836 389 1919 accepit,
414 1837 558 1899 condita
581 1835 637 1916 sit,
661 1855 726 1917 pro
751 1845 848 1897 certo
873 1836 981 1898 statui
1005 1855 1074 1897 non
1099 1846 1228 1916 potest.
1267 1836 1402 1898 Tamen
1427 1837 1605 1899 sententia
1628 1857 1759 1920 eorum,
1794 1838 1854 1918 qui

116 1975 328 2038 Sobeslaum
362 1977 486 2038 ducem
511 1973 730 2037 conditorem
759 1982 936 2054 statuunt,
966 1993 1132 2055 magnam
1163 1975 1272 2036 habet
1303 1974 1637 2057 probabilitatem).
1678 1974 1783 2038 Certe
1807 1977 1853 2038 ab

116 2114 241 2175 eodem
267 2112 413 2174 abbatia
436 2111 655 2175 Selaviensis
688 2116 767 2189 1139
795 2112 939 2174 condita
973 2122 1027 2175 est
1042 2114 1076 2192 ⁵).
1122 2113 1262 2193 Neque,
1294 2113 1339 2174 ad
1372 2132 1460 2193 quos
1492 2114 1693 2176 conditores
1724 2114 1853 2176 Podla-

115 2251 226 2313 licum
251 2270 277 2312 s.
303 2250 554 2332 Margarethae
583 2269 723 2312 sacrum
747 2249 971 2312 referendum
996 2251 1056 2332 sit,
1089 2251 1175 2313 satis
1200 2260 1349 2313 constat.
1388 2252 1467 2313 Hoc
1491 2260 1610 2314 tamen
1634 2264 1853 2333 compertum

114 2391 297 2469 habemus
323 2409 400 2450 eam
424 2389 541 2469 priore
565 2388 764 2450 duodecimi
785 2389 917 2451 saeculi
938 2389 1081 2451 dimidio
1105 2389 1389 2470 praeposituram
1413 2390 1717 2452 Blevnoviensem
1741 2391 1852 2454 fuisse

114 2537 149 2588 et
184 2531 265 2604 1159
299 2547 320 2588 a
348 2526 548 2588 Wladislao
584 2545 670 2607 rege
702 2526 895 2588 Bohemiae
931 2528 976 2588 ad
1014 2527 1196 2589 abbatiam
1232 2528 1448 2590 monasterio
1480 2529 1738 2591 Bievnoviensi
1770 2532 1851 2592 sub-

114 2667 241 2727 iectam
266 2667 476 2746 productam
501 2685 581 2728 esse
595 2664 629 2745 ⁶).

244 2829 362 2891 Etiam
388 2828 516 2893 Silesia
538 2828 619 2891 filiis
643 2849 669 2891 S.
695 2830 882 2892 Benedicti
906 2829 1006 2891 initio
1030 2830 1161 2892 saeculi
1186 2830 1313 2892 decimi
1336 2829 1432 2893 tertii
1456 2840 1581 2911 aperta
1605 2840 1670 2894 est.
1708 2832 1763 2894 Ibi
1787 2832 1852 2896 Ca·

114 2968 253 3031 simirus
277 2968 453 3030 Miecislai
477 2968 577 3031 ducis
601 2967 693 3030 filius
722 2989 797 3031 1211
825 2968 1032 3031 Teschenae
1057 2968 1238 3031 monachis
1247 3018 1255 3049 ‚
1288 2988 1377 3049 quos
1407 2988 1453 3030 ex
1482 2969 1655 3032 coenobio
1679 2970 1850 3033 Polonico

115 3107 211 3169 Tiniz
235 3126 348 3188 prope
372 3106 594 3168 Krakoviam
619 3104 687 3168 sito
712 3118 915 3188 vocaverat,
940 3107 1153 3169 domicilium
1176 3106 1265 3169 fixit.
1309 3111 1389 3185 1269
1413 3126 1498 3169 vero
1523 3110 1645 3170 sedem
1669 3107 1850 3171 Orlaviam

116 3245 371 3307 transtulerunt
387 3246 420 3324 7).
459 3244 525 3306 His
543 3244 766 3307 monasteriis
784 3245 936 3325 denique
957 3250 1037 3322 1146
1054 3265 1183 3307 novum
1209 3246 1417 3308 coenobium
1442 3247 1701 3317 monacharum,
1726 3266 1850 3308 secun-

116 3384 196 3445 dum
221 3383 431 3464 Bohemiae,
460 3383 621 3445 additum
645 3393 718 3466 est,
747 3385 842 3464 quod
866 3383 975 3464 Iudit,
1000 3403 1090 3445 uxor
1112 3383 1302 3446 Wladislai
1325 3382 1434 3465 regis,
1459 3383 1609 3464 Teplicii
1641 3384 1850 3448 condiderat

116 3522 325 3602 magnisque
348 3521 499 3583 fortunis
525 3531 753 3583 exstruxerat
769 3519 803 3600 8).

243 3686 370 3766 Itaque
402 3706 448 3747 ex
479 3705 634 3768 gemma,
670 3705 775 3766 quam
807 3705 833 3748 s.
859 3686 1079 3748 Adalbertus
1108 3685 1250 3747 condito
1278 3686 1493 3749 monasterio
1526 3687 1783 3749 Bievnoviensi
1814 3689 1850 3750 in

118 3835 207 3886 terra
232 3825 426 3886 Bohemica
451 3830 511 3903 993
537 3834 688 3906 severat,
713 3826 819 3886 arbor
841 3825 965 3906 patula
989 3834 1209 3904 excreverat,
1234 3823 1333 3885 cuius
1357 3824 1462 3886 ramis
1486 3835 1558 3886 tres
1581 3836 1707 3908 terrae,
1732 3826 1850 3888 Bohe-

118 3964 192 4043 mia,
216 3963 389 4042 Moravia‚
415 3961 544 4026 Silesia
568 3963 882 4027 obumbrabantur.

244 4127 391 4209 impigri
407 4126 469 4189 filii
488 4147 515 4191 s.
533 4128 721 4190 Benedicti
744 4130 790 4189 ad
807 4148 933 4190 munus
950 4148 1051 4190 suum
1069 4137 1307 4207 accesserunt,
1332 4138 1368 4190 et
1384 4130 1514 4190 multae
1530 4130 1637 4190 urbes
1654 4128 1849 4190 Bohemiae

119 4275 150 4324 et
172 4265 359 4327 Moraviae
385 4286 478 4328 nunc
502 4268 642 4348 amplae
667 4277 702 4329 et
725 4265 895 4329 fiorentes
919 4267 1040 4327 sudori
1066 4264 1265 4347 „nigrorum
1282 4267 1551 4328 monachorum“
1570 4277 1606 4329 et
1622 4266 1793 4349 originem
1812 4278 1848 4330 et

121 4475 158 4482 ..-
164 4477 425 4488 -....-.—-—.---.q

244 4621 265 4701 1)
290 4626 382 4682 Frind
407 4627 425 4682 Ι.
451 4647 476 4683 c.
502 4627 524 4682 Ι.

242 4734 265 4814 2)
289 4737 390 4792 Dudik
415 4737 433 4793 Ι.
457 4757 484 4793 c.
509 4739 531 4794 1.

243 4846 265 4924 ³)
289 4847 500 4923 Ziegelbauer,
525 4850 602 4906 Hist.
628 4863 753 4906 monast.
779 4850 929 4905 Blevnov.

243 4960 266 5039 ⁴)
289 4961 347 5017 Alii
372 4974 490 5037 portam
507 4961 725 5037 Apostolorum
743 4979 760 5017 a
777 4961 886 5017 familia
902 4962 939 5018 de
956 4962 1153 5018 erowecen
1171 4961 1320 5017 conditam
1338 4980 1405 5017 esse
1422 4961 1612 5017 arbitrantur.
1636 4959 1727 5015 Frind
1744 4961 1761 5016 l.
1780 4981 1806 5017 c.
1825 4963 1848 5018 Ι.

243 5072 266 5150 5)
290 5074 381 5130 Frind
406 5075 423 5130 l.
449 5093 474 5130 c.

245 5181 268 5265 6)
292 5187 464 5244 Chronicon
489 5185 582 5243 breve
606 5189 756 5244 Biennov.

241 5298 264 5376 7)
288 5299 403 5373 Heyne‚
428 5299 614 5356 Geschichte
638 5300 691 5356 des
715 5301 866 5356 Bisthums
890 5301 1023 5367 Bursian,
1049 5300 1085 5355 11.

242 5409 265 5489 δ)
289 5409 435 5479 Schaller,
460 5412 690 5487 Topographie.
