4252 6112
932 479 1188 552 ..50-

190 676 285 732 literis
310 674 398 730 Ioseft
420 673 546 746 Georgii
569 671 721 727 Trassler.
745 668 833 742 1803.
859 670 944 725 Folia
971 681 1018 742 74,

189 779 270 856 apud
286 798 343 835 nos
359 776 415 834 sub
432 778 484 832 Bn.
503 791 595 849 7931.
613 773 645 831 S.
662 776 696 830 F.
714 791 743 847 9.
765 789 811 846 14.

278 921 331 976 111.
354 917 478 975 Stuffler
493 916 677 973 venceslaus
700 911 862 992 (parochus
882 911 1021 969 Modricii

191 1038 299 1100 postea
312 1025 475 1099 episcopus
487 1022 649 1076 Brunensis
665 1024 682 1091 †
696 1034 746 1091 24.
756 1020 814 1075 Mai
829 1016 930 1096 1831).
949 1018 1021 1077 Pre-

191 1129 255 1203 digt
267 1127 316 1185 bei
329 1127 529 1200 Gelcgenheit
539 1125 592 1181 des
605 1124 784 1199 5ojahrigen
798 1123 1020 1188 Priestertums‚

190 1233 322 1289 welches
339 1233 376 1286 H.
396 1231 560 1286 Othmarus
576 1228 696 1285 (fonrad
713 1247 760 1283 arn
774 1229 864 1283 Feste
881 1227 935 1282 der
951 1225 1019 1282 heil.

192 1336 317 1413 Apostel
335 1336 443 1391 Petrus
459 1334 517 1390 und
535 1334 645 1389 Paulus
667 1331 796 1406 geleiert
817 1332 877 1387 hat.
901 1331 1020 1405 Vorge·

192 1455 298 1515 tragen
315 1459 373 1496 von
391 1482 398 1495 .
416 1481 423 1495 .
441 1481 448 1494 .
467 1481 474 1494 .
492 1481 499 1494 .
518 1480 524 1493 .
550 1435 579 1514 (i.
594 1458 620 1493 e.
638 1437 753 1493 Concio
766 1438 928 1492 occasione
944 1432 1020 1491 iubi-

191 1547 248 1602 laci
271 1543 468 1601 sacerdotalis
493 1542 562 1619 etc.)
595 1543 727 1606 Brome,
756 1542 835 1615 typis
860 1540 893 1594 F.
918 1538 1019 1595 Caroli

192 1648 311 1706 Siedler
339 1647 428 1719 1803.
457 1645 499 1703 8⁰.
528 1665 598 1721 pag.
623 1659 678 1717 32,
706 1644 785 1720 apud
809 1662 865 1699 nos
888 1641 944 1699 sub
967 1643 1019 1697 811.

192 1770 287 1828 3301.
317 1751 402 1827 Sign.
429 1752 464 1807 F..
490 1752 528 1806 11.
556 1770 585 1823 g.
615 1764 664 1806 20.
690 1751 745 1805 No.
775 1763 825 1811 10,
854 1750 939 1804 cuius
963 1746 1019 1802 Ms.

191 1856 247 1916 sub
276 1859 352 1913 hlsn.
380 1855 453 1929 356.
490 1856 575 1929 Sign.
604 1856 680 1929 FJK.
712 1854 751 1908 11.
783 1850 810 1924 β.
836 1867 890 1923 24,
918 1850 1021 1907 adser-

192 1978 289 2021 vatus·

281 2125 419 2220 Copisi
446 2137 623 2199 Iacobus
650 2133 1021 2220 (Cremifanensis),

193 2257 229 2319 in
256 2255 464 2338 provinciali
489 2255 635 2318 civitate
656 2255 772 2333 Weis,
797 2255 843 2315 ad
867 2253 1021 2315 Trunam

193 2378 338 2441 fluvium
354 2377 432 2449 sita,
455 2376 511 2438 die
534 2398 579 2454 19.
597 2376 687 2438 Nov.
703 2376 787 2438 anni
807 2396 885 2455 1742
908 2385 1022 2454 natuS,

194 2520 313 2563 musas
333 2509 406 2562 tam
425 2498 683 2561 mansuetiores
703 2517 809 2578 quam
825 2497 1024 2560 severiores

193 2623 230 2685 in
242 2620 425 2684 academia
435 2619 691 2682 Cremifanensi
700 2619 883 2689 salutavit;
896 2617 1024 2681 deinde

194 2746 229 2807 in
253 2741 468 2805 monasterio
485 2740 751 2819 Cremifanensi,
773 2741 918 2821 expleto
940 2739 1025 2801 tiro·

195 2865 277 2928 011111
305 2883 407 2945 anno,
440 2864 486 2925 ad
512 2883 650 2925 sacram
676 2862 936 2945 professionem
964 2861 1025 2922 ad·

195 2989 323 3049 missus
346 2986 403 3048 die
429 3006 476 3048 11.
493 2984 581 3049 Nov.
603 2989 681 3063 1702
708 2983 955 3066 Salisburgum
978 2982 1024 3044 ad

195 3108 414 3172 addiscenda
438 3127 464 3170 5.
482 3106 683 3189 theologiae
705 3105 875 3188 mysteria
895 3104 1025 3168 missus

196 3240 232 3294 et
248 3236 298 3292 28.
316 3228 395 3293 Oct.
417 3233 498 3307 1760
520 3227 733 3291 sacerdotali
751 3227 926 3310 dignitate
942 3246 1025 3289 auc·

195 3364 253 3415 tus
284 3362 348 3414 est.
385 3351 446 3413 Ad
476 3349 628 3412 docendi
659 3368 785 3411 munus
816 3348 1025 3431 designatus

197 3473 346 3556 primum
370 3472 651 3555 grammaticam,
677 3470 804 3533 deinde
828 3470 1025 3553 physicam,

196 3604 324 3678 postea
346 3594 607 3677 philosophiam
631 3593 779 3654 iuvenes
801 3592 1026 3655 academicos

1099 664 1253 727 matibus
1280 663 1416 726 melicis
1442 682 1573 745 magno
1605 663 1805 724 auditorum
1837 681 1932 724 com·

1100 786 1204 848 modo
1221 796 1331 848 erant.

1186 908 1379 969 Praeterea
1406 905 1647 988 manuscripta
1675 905 1818 986 reliquit
1842 907 1931 968 haec

1100 1029 1295 1091 volumina:

1188 1154 1210 1209 1.
1228 1153 1412 1210 Geschichte
1428 1171 1487 1207 ron
1504 1149 1767 1207 Oberdsterreich.
1785 1149 1814 1228 (i.
1833 1171 1859 1207 e.
1879 1152 1934 1206 Hi·

1101 1259 1195 1314 storia
1211 1257 1353 1314 Austriae
1370 1253 1559 1333 superioris.)
1577 1263 1617 1311 2⁰.
1635 1254 1693 1327 381
1714 1276 1744 1331 p.
1763 1253 1805 1333 (P.
1824 1252 1888 1334 44.)

1188 1362 1227 1418 II.
1248 1362 1384 1418 Versuch
1411 1362 1495 1416 einer
1515 1360 1679 1416 deutschen
1703 1359 1935 1435 Uebersetzung

1100 1465 1155 1522 der
1175 1479 1276 1523 ersten
1294 1465 1359 1520 tunt
1372 1465 1490 1520 Biicher
1510 1463 1563 1519 des
1585 1463 1781 1520 lateinischen
1799 1465 1934 1520 Werlres

1101 1571 1155 1626 des
1172 1570 1240 1626 heil.
1258 1569 1425 1644 Augustins
1441 1587 1501 1624 von
1516 1567 1583 1624 dem
1601 1565 1705 1624 Staate
1718 1568 1839 1625 Gottes.
1858 1568 1888 1646 (i.
1906 1589 1932 1626 c.

1100 1676 1209 1731 Versio
1234 1673 1415 1730 Germanica
1442 1675 1606 1748 primorum
1630 1676 1761 1747 quinque
1787 1673 1933 1731 librorum

1101 1799 1125 1835 s.
1144 1777 1303 1852 Augustini
1321 1777 1496 1833 decivitate
1513 1774 1591 1855 Dei.)
1614 1782 1656 1832 2⁰.
1680 1775 1739 1850 483
1760 1798 1788 1854 p.
1806 1775 1849 1855 (Ρ.
1868 1775 1933 1857 45.)

1189 1883 1242 1938 III.
1264 1884 1328 1938 Des
1349 1881 1453 1937 Lukas
1470 1881 1646 1956 Opalcnius‚
1668 1900 1849 1955 gewescnen
1866 1883 1935 1957 pol·

1101 1987 1225 2044 nischen
1254 1985 1516 2042 Kronmarschalls
1543 1985 1606 2041 drei
1635 1986 1753 2041 Biicher
1784 2005 1843 2041 1011
1875 1987 1935 2042 den

1101 2092 1255 2147 Pllichten.
1285 2089 1349 2146 Aus
1377 2089 1444 2145 dem
1471 2090 1682 2146 Lateinisrhen
1707 2091 1752 2145 ins
1778 2091 1935 2147 {leutschc

1103 2194 1265 2251 ubersetzt.
1290 2192 1319 2273 (i.
1337 2215 1363 2249 0.
1381 2194 1485 2249 Trium
1508 2191 1651 2249 librorum
1674 2194 1709 2248 L.
1732 2195 1872 2269 Opalenii
1898 2195 1936 2251 de

1102 2297 1210 2356 officiis
1226 2301 1327 2355 versio
1345 2282 1547 2373 Germanica.)
1565 2305 1606 2353 2⁰.
1625 2296 1685 2371 617
1704 2317 1732 2373 p.
1750 2295 1793 2374 (P.
1812 2296 1875 2377 40.)

1190 2404 1240 2461 IV.
1251 2403 1462 2459 Meditationes
1471 2401 1522 2457 VI.
1542 2414 1630 2474 1777.
1645 2409 1686 2473 4⁰.
1706 2417 1763 2474 134
1774 2421 1802 2477 p.
1815 2400 1936 2482 (1147.)

1192 2512 1642 2588 08882818011110111105
1659 2524 1852 2607 Ignatius
1871 2527 1937 2607 (de

1104 2643 1566 2723 5.1110111οΡ01111011100),
1584 2645 1751 2705 sacerdos
1765 2644 1936 2724 iubilariS,

1105 2764 1140 2827 in
1156 2764 1283 2828 Tokod
1305 2785 1392 2828 com.
1414 2764 1671 2847 Strigoniensis
1692 2766 1726 2827 in
1749 2766 1939 2848 Hungaria

1106 2887 1163 2949 die
1178 2908 1227 2951 20.
1241 2888 1303 2951 Iul.
1321 2891 1401 2967 1790
1414 2897 1528 2967 natus,
1541 2887 1665 2949 habitu
1678 2909 1704 2951 s.
1719 2888 1775 2950 die
1791 2893 1841 2949 28.
1854 2888 1936 2952 Oct.

1110 3015 1190 3071 1810
1203 3009 1356 3090 indutus,
1372 3009 1428 3071 die
1443 3014 1492 3072 28.
1506 3007 1585 3072 Oct.
1604 3011 1937 3087 1819001050110111-

1105 3131 1164 3194 nia
1180 3132 1306 3197 emisit.
1330 3133 1390 3194 Ab
1402 3151 1495 3193 anno
1512 3137 1674 3210 1819—21
1692 3133 1831 3214 Iaurini,
1854 3138 1933 3195 1821

1105 3255 1152 3317 ad
1172 3259 1250 3316 1822
1266 3253 1432 3334 Sopronii
1447 3273 1591 3316 munere
1607 3253 1819 3335 professoris
1836 3253 1938 3317 func-

1104 3387 1172 3458 tus,
1188 3378 1256 3438 hoc
1273 3395 1365 3438 anno
1382 3374 1416 3436 in
1432 3395 1570 3437 sacrum
1588 3386 1743 3438 montem
1759 3376 1875 3456 rediit,
1898 3386 1937 3440 ut

1106 3498 1222 3561 denuo
1246 3497 1373 3559 studiis
1397 3497 1606 3579 theologicis
1629 3509 1783 3578 vacaret,
1806 3499 1937 3579 quibus

1106 3620 1278 3683 absolutis
1295 3619 1353 3681 die
1374 3641 1420 3698 19.
1435 3619 1535 3701 Sept.
1557 3624 1635 3682 1823
1653 3620 1855 3682 sacerdotio
1873 3621 1938 3682 ini-

198 3717 329 3797 docuit,
351 3716 563 3798 scriptorum
583 3714 812 3777 classicorum
834 3713 1026 3796 elegantis·
1106 3740 1214 3804 flatus
1227 3751 1291 3805 est·
1313 3745 1478 3820 ,820—27
1494 3740 1674 3821 professo,
1690 3751 1725 3804 et
1737 3742 1936 3804 studiorum

197 3838 305 3900 simas
322 3838 497 3900 editiones
513 3855 643 3918 magno
661 3836 775 3918 pretio
797 3835 1024 3918 comparauit.
1064 3782 1067 3939 )

199 3961 253 4022 Ex
270 3960 439 4022 cathedra
460 3957 707 4040 philosophica
728 3961 807 4036 1793
829 3958 875 4019 ad
897 3957 1026 4038 prioris

198 4080 403 4144 monasterii
433 4079 644 4162 dignitatem
675 4088 822 4142 evectus
852 4078 1026 4161 regularis

200 4200 450 4265 observantiae
466 4200 722 4279 tenacissimus
752 4218 832 4278 1799
856 4201 901 4261 ad
923 4219 1027 4281 paro·

200 4324 315 4387 chiam
331 4321 579 4384 Buchkirchen
598 4323 792 4404 regendam
812 4343 831 4383 e
851 4332 1027 4384 monaste·

200 4445 252 4507 rio
276 4441 455 4513 discessit:
484 4444 530 4504 ab
557 4461 650 4504 anno
682 4446 763 4504 1800
788 4444 965 4524 parochus
992 4443 1028 4506 in

200 4563 384 4628 Thalheim
409 4564 563 4626 hostiurn
583 4560 765 4626 Gallorum
790 4563 1027 4646 inruptionem

200 4697 273 4751 tam
290 4685 359 4748 sibi
376 4705 481 4766 quam
499 4684 648 4747 aedibus
664 4684 928 4765 parochialibus
948 4705 1028 4768 pes·

200 4810 324 4873 simam
345 4807 492 4889 pertulit
512 4817 547 4869 et
569 4807 661 4869 malo
685 4809 816 4889 pedum
839 4827 1029 4879 marasmo-

202 4951 270 5013 que
294 4929 396 4993 senili
420 4929 555 4992 fractus
580 4929 616 4992 in
639 4930 792 4993 Domino
816 4930 1030 4995 obdormivit

202 5051 259 5114 die
278 5070 306 5130 7.
322 5050 409 5113 Maii
431 5056 521 5114 1810.
546 5051 707 5135 Linguae
723 5052 870 5115 Italicae
890 5052 1030 5133 peritis-

203 5171 313 5233 simus
328 5173 438 5236 multa
455 5172 639 5236 clarissimi
651 5173 852 5237 Metastasii
870 5175 1031 5238 dramata

204 5291 330 5354 melica
351 5292 385 5354 in
406 5294 563 5376 linguam
581 5294 828 5358 Germanicam
845 5297 1032 5378 convertit,

205 5432 296 5493 quae
308 5416 423 5476 textui
437 5415 599 5498 originali
612 5416 735 5478 addita
747 5416 782 5478 in
795 5416 942 5480 edendis
955 5420 1034 5481 dra·

1106 3863 1309 3944 praefectus
1323 3865 1419 3944 apud
1432 3865 1592 3925 alumnos
1608 3883 1634 3927 5.
1649 3863 1781 3925 ordinis
1794 3864 1937 3944 laurini,

1111 3991 1275 4064 1827—32
1294 3994 1413 4048 orator
1428 4005 1449 4046 a
1467 3984 1577 4047 sacris
1599 3984 1633 4046 in
1653 4006 1679 4048 s.
1697 3996 1825 4065 monte,
1856 3991 1935 4048 1882

1107 4110 1152 4172 ad
1170 4114 1245 4187 1841
1266 4106 1531 4170 administrator
1543 4107 1733 4188 parochiae
1751 4107 1785 4169 in
1798 4109 1936 4191 Tenyd,

1111 4231 1434 4310 1841-491110111111
1452 4229 1655 4311 5.Μο111110,
1677 4235 1843 4307 1849-50
1860 4251 1939 4293 ora·

1107 4362 1162 4416 tor
1183 4351 1526 4433 05001158011101111,
1556 4355 1721 4430 1850-04
1742 4352 1937 4433 spiritualis

1108 4476 1249 4556 ibidem,
1275 4478 1442 4553 1864—66
1463 4473 1683 4556 Comaromii,
1710 4478 1876 4552 1800-75
1904 4475 1939 4536 111

1108 4599 1254 4662 abbatia
1266 4597 1488 4680 Bakonybel,
1510 4599 1675 4675 1875—78
1694 4596 1858 4678 subprior
1875 4597 1939 4658 ibi-

1109 4721 1200 4802 dem,
1217 4740 1263 4782 ex
1277 4739 1345 4801 quo
1358 4739 1451 4782 anno
1467 4738 1609 4781 munere
1622 4718 1750 4798 prioris
1764 4719 1798 4780 in
1811 4719 1938 4781 eadem

1109 4842 1255 4907 abbatia
1269 4841 1438 4925 fungitur.
1467 4841 1632 4922 Scripsit:

1195 4967 1399 5026 Szentbeszed
1414 4987 1455 5024 sz.
1469 4966 1609 5023 Benedek
1625 4966 1759 5041 napja'tra.
1777 4963 1806 5044 (i.
1820 4986 1846 5023 0.
1861 4968 1941 5024 Ora·

1110 5076 1152 5131 tio
1169 5091 1257 5131 sacra
1272 5074 1300 5128 in
1317 5071 1394 5128 diem
1410 5091 1435 5128 s.
1453 5070 1615 5128 Benedicto
1627 5068 1769 5148 sacrum.)
1787 5071 1819 5126 ln
1832 5069 1942 5128 libellis

1110 5177 1286 5256 periodicis:
1305 5173 1597 5250 Pazmrinydiizetek,
1619 5173 1709 5247 1859.
1728 5175 1778 5230 111.

1199 5262 1421 5363 etvrtefika
1459 5300 1595 5361 Bruno
1634 5299 1942 5379 (Bievnoveno

1113 5415 1395 5497 Braunensis),
1428 5418 1474 5479 ab
1504 5416 1708 5480 Albendorf
1736 5418 1941 5482 Bohemiae.
