4222 6106
860 502 902 510 —
948 464 1086 529 LXVII
1131 502 1174 511 -

271 689 431 752 Eandem
464 689 642 752 fortunam
677 709 747 752 non
781 692 958 771 meritam,
995 693 1058 754 sed
1090 692 1311 773 temporibus
1342 692 1532 754 adductam
1567 702 1673 754 nacta
1710 702 1764 754 est
1799 712 1880 754 aca-

139 828 258 891 demia
279 828 565 911 Cremifanensis,
590 849 692 912 quae,
717 850 930 911 quamquam
960 850 981 891 a
1008 831 1124 893 medio
1153 832 1296 894 saeculo
1324 831 1461 893 XVIII.
1490 830 1524 892 in
1554 831 1656 893 terris
1678 830 1878 894 Austriacis

138 976 304 1049 tempora
326 968 532 1032 monasticis
560 968 732 1032 institutis
766 981 866 1033 erant
897 970 1033 1051 iniqua,
1068 970 1192 1032 mirum
1226 980 1395 1051 quantum
1427 968 1630 1032 effloruerat
1647 972 1679 1047 ¹).
1727 969 1878 1031 Praeter

138 1107 471 1171 mathematicorum
494 1121 603 1190 atque
627 1127 741 1171 rerum
767 1110 993 1192 physicarum
1023 1109 1141 1172 studia
1169 1109 1393 1191 philosophia
1424 1109 1577 1171 maxime
1608 1110 1808 1190 colebatur,
1842 1109 1878 1170 in

140 1267 210 1329 qua
230 1246 398 1311 Leibnitii
421 1258 458 1310 et
474 1245 596 1310 Wolfii
619 1248 813 1312 auctoritas
836 1249 994 1332 vigebat.
1034 1248 1195 1313 Sermoni
1219 1249 1345 1331 patrio,
1370 1248 1469 1311 cuius
1491 1259 1566 1311 tum
1590 1269 1762 1312 summum
1780 1260 1877 1312 esset

139 1386 333 1467 fastidium,
362 1385 585 1468 professores
613 1386 738 1450 merito
766 1396 901 1450 tantam
930 1388 1184 1469 impendebant
1212 1408 1341 1467 curam,
1369 1399 1408 1450 ut
1438 1389 1551 1450 altera
1579 1388 1710 1450 saeculi
1739 1387 1876 1450 XVIII.

142 1524 288 1587 dimidia
322 1535 426 1605 parte
460 1525 603 1588 ineunte
636 1524 826 1587 Cremifani
863 1545 928 1606 per
957 1526 1146 1589 Matthiam
1177 1527 1300 1610 Pregg
1333 1526 1476 1589 fabulae
1512 1524 1725 1589 Germanica
1755 1527 1878 1609 lIngua

139 1662 366 1745 conscriptae
390 1664 593 1744 ederentur,
627 1664 723 1744 quod
755 1664 850 1745 apud
882 1664 1075 1727 catholicos
1109 1674 1182 1727 tum
1214 1675 1291 1727 erat
1321 1664 1547 1729 rarissimum.
1594 1665 1720 1727 Abbas
1744 1665 1877 1726 Ehren·

139 1805 264 1865 bertus
288 1803 537 1885 (1771—1800),
561 1803 615 1867 vir
638 1803 799 1885 eximius,
824 1805 913 1867 duas
937 1823 1048 1867 novas
1072 1804 1202 1867 adiecit
1226 1803 1447 1886 disciplinas,
1474 1823 1578 1866 unam
1602 1805 1646 1866 de
1671 1802 1877 1885 eloquentia

139 1961 254 2021 sacra,
278 1943 427 2005 alteram
450 1944 495 2006 de
518 1943 710 2007 securitate
734 1943 877 2024 publica
900 1946 1050 2007 tutanda
1074 1955 1110 2007 et
1134 1945 1177 2006 de
1202 1942 1347 2006 civitate
1372 1943 1630 2006 constituenda.
1662 1944 1730 2007 Die
1747 1948 1776 2007 5.
1795 1943 1877 2007 Oct.

144 2086 224 2159 1783
250 2082 448 2163 academia,
479 2102 570 2164 quae
594 2093 632 2147 ut
656 2095 776 2147 cetera
803 2084 966 2147 instituta
995 2083 1207 2164 monastica,
1240 2084 1331 2145 male
1363 2101 1560 2165 congruere
1589 2081 1769 2144 videretur
1798 2101 1876 2143 cum

140 2220 278 2282 saeculi
301 2220 529 2284 eruditissimi
551 2222 699 2303 ratione,
723 2224 866 2286 sublata
890 2234 944 2286 est
960 2226 993 2303 ²).

271 2359 387 2422 Multa
410 2360 553 2441 quidem
576 2381 642 2442 per
664 2361 815 2424 Mariam
839 2362 1046 2424 Theresiam
1070 2362 1217 2442 eiusque
1240 2360 1348 2423 filium
1372 2361 1563 2443 Iosephum
1579 2362 1623 2424 Il.
1648 2369 1780 2423 novata
1797 2370 1879 2420 sunt

20 2524 27 2539 ·
139 2498 178 2561 in
201 2498 375 2562 institutis
398 2499 620 2583 theologiciS,
645 2501 748 2581 plura
764 2521 850 2563 vero
875 2512 1091 2564 commutata
1116 2512 1151 2564 et
1168 2501 1360 2564 constituta
1385 2512 1466 2564 sunt
1490 2501 1525 2563 in
1548 2500 1745 2583 gymnasiis
1769 2511 1878 2579 atque

138 2637 436 2700 monasteriorum
475 2638 604 2701 scholis
612 2688 621 2720 ,
661 2639 789 2720 quibus
830 2640 1055 2703 Benedictini
1096 2642 1141 2702 ab
1181 2639 1436 2721 antiquissimis
1475 2637 1693 2720 temporibus
1733 2658 1878 2719 operam

140 2777 328 2839 dederant.

274 2915 334 2976 Ad
366 2935 427 2978 eas
457 2916 616 2996 scholas,
650 2936 740 2996 quae
772 2918 808 2978 in
840 2917 999 2999 plurimis
1029 2918 1252 2980 monasteriis
1285 2930 1404 2998 erant,
1440 2918 1582 2980 saeculo
1614 2917 1751 2979 XVIII.
1786 2917 1878 2978 duae

140 3055 282 3119 classes
306 3054 469 3117 adiectae
493 3063 603 3117 erant.
646 3053 799 3118 Ioannes
822 3057 919 3136 Mur,
944 3059 1056 3120 abbas
1080 3056 1406 3139 Marienbergensis
1431 3057 1679 3138 (moi-1732),
1704 3057 1880 3118 adductus

135 3194 354 3258 auctoritate
378 3194 602 3275 imperatoris
618 3193 733 3257 Caroli
750 3195 822 3277 vt,
847 3195 880 3257 in
906 3216 976 3277 quo
1000 3196 1132 3259 defecit
1148 3196 1483 3278 Habsburgensium
1507 3196 1615 3278 stirps
1639 3194 1759 3274 virilis,
1784 3214 1877 3256 anno

142 3337 227 3412 1725
250 3332 389 3396 Merani
413 3333 594 3413 publicum
617 3334 842 3416 gymnasium
867 3348 1056 3415 aperuerat
1081 3346 1249 3416 quattuor
1273 3335 1447 3415 classium,
1478 3335 1605 3415 quibus
1630 3332 1772 3395 biennio
1796 3341 1878 3412 post

137 3474 236 3534 duae
258 3473 403 3552 classes,
426 3472 547 3554 poesis
571 3483 606 3535 et
629 3472 807 3535 rhetorica
830 3472 974 3535 additae
998 3486 1109 3537 erant.
1142 3474 1229 3537 Cum
1246 3473 1478 3555 professores,
1503 3472 1562 3555 qui
1587 3480 1688 3535 erant
1713 3493 1732 3534 e
1755 3489 1876 3532 mona-

138 3609 252 3673 sterio
281 3610 635 3693 Mariae-MontanO,
670 3611 795 3674 relicto
826 3613 1040 3675 monasterio
1076 3625 1238 3676 carerent
1268 3614 1363 3675 vitae
1394 3612 1582 3696 religiosae
1614 3611 1876 3691 communitate,

134 3750 256 3811 abbas
280 3749 381 3812 Beda
404 3748 626 3812 Hildebrand
651 3750 890 3832 (1732-1771)
914 3752 1095 3834 proprium
1121 3752 1278 3815 condidit
1302 3752 1507 3834 collegium,
1537 3752 1572 3813 in
1601 3770 1670 3832 quo
1695 3759 1731 3813 et
1755 3769 1877 3811 mona-

135 3890 288 3951 chorum
312 3897 347 3949 et
371 3886 612 3968 professorum
635 3908 780 3952 munera
804 3900 952 3971 possent
976 3891 1123 3973 explere
1136 3894 1171 3971 ³).
1218 3890 1387 3954 Similiter
1414 3891 1549 3954 fecerat
1576 3909 1670 3953 anno
1698 3909 1775 3968 ¹777
1803 3889 1877 3950 An-

136 4028 275 4090 selmus
297 4026 515 4103 Passauck0‚
540 4029 653 4089 abbas
676 4029 878 4092 monasterii
904 4050 930 4091 s.
955 4029 1056 4091 Pauli
1080 4029 1115 4092 in
1140 4029 1320 4092 Carinthia
1345 4031 1604 4111 (1748-1778),
1634 3996 1687 4091 vir
1715 4026 1877 4109 inprimis

134 4166 341 4228 litterarum
372 4165 567 4245 studiosus,
602 4167 660 4246 qui
692 4176 849 4230 veterem
881 4168 1036 4230 scholam
1067 4169 1352 4232 monasterialem
1388 4188 1414 4233 S.
1445 4169 1547 4231 Pauli
1582 4169 1617 4230 in
1652 4168 1877 4251 gymnasium

136 4314 371 4366 converterat
386 4304 420 4384 ⁴).
466 4302 602 4368 Studiis
626 4306 854 4369 absolvendis
887 4307 922 4368 in
953 4306 1008 4369 his
1039 4307 1236 4389 gymnasiis
1268 4309 1422 4389 quinque
1454 4307 1536 4369 anni
1568 4317 1669 4370 erant
1699 4304 1877 4369 destinati.

136 4441 306 4524 Nomina,
336 4443 464 4524 quibus
492 4444 652 4527 singulos
682 4464 805 4507 cursus
837 4464 973 4507 annuos
1003 4445 1250 4525 nominabant,
1282 4448 1370 4509 haec
1401 4458 1520 4509 erant:
1552 4445 1670 4508 infima
1698 4445 1724 4508 I.
1754 4443 1878 4505 classis

136 4582 410 4666 grammaticae,
434 4582 552 4646 media
576 4584 700 4646 classis
723 4584 988 4667 grammaticae,
1013 4604 1178 4666 suprema
1202 4585 1326 4648 classis
1349 4585 1618 4667 grammaticae,
1643 4583 1776 4666 poesis,
1802 4583 1878 4642 rhe-

136 4721 306 4802 toricas).
352 4720 425 4782 Ubi
448 4732 619 4784 semestre
648 4723 800 4804 spatium
829 4724 1035 4805 transierat,
1068 4726 1212 4806 publica
1240 4727 1404 4788 examina
1433 4725 1725 4801 instituebantur,
1759 4720 1877 4783 exitus

138 4862 186 4870 -—-
192 4862 459 4869 ...ι-,ψ-

276 4968 297 5045 ¹)
321 4968 529 5043 Ziegelbaucr.

276 5078 298 5160 ²)
321 5082 412 5157 Hagn
437 5082 454 5138 l.
479 5102 503 5141 c.

275 5193 298 5273 3)
321 5195 523 5253 Wendenthal
548 5196 566 5252 l.
592 5216 617 5252 c.
642 5210 671 5267 3.

276 5306 301 5387 ⁴)
325 5310 480 5366 Carinthia
503 5311 520 5366 l.
546 5330 573 5367 c.

278 5421 300 5499 5)
324 5422 447 5498 Aliquot
469 5428 556 5482 annis
581 5437 651 5501 post
675 5437 782 5498 quarta
805 5422 911 5479 classis
935 5423 1095 5488 rhetorica,
1120 5426 1221 5498 quinta
1245 5425 1347 5498 poesis
1372 5425 1524 5479 nominata
1547 5436 1620 5479 erat.

1644 5526 1671 5573 i*
