4222 6106
871 513 922 534 ,-
968 477 1115 540 LV—

125 703 345 766 monasteria
360 702 568 784 Tirolensia,
589 700 932 765 Mariaemontanum
953 711 990 764 et
1009 701 1114 763 Mons
1139 721 1166 763 s,
1190 698 1337 783 Georgii
1361 703 1468 783 (apud
1491 701 1521 763 F
1523 702 1628 783 iecht)
1639 702 1661 784 ι)
1684 703 1868 764 habebant

126 842 278 904 scholas.
328 841 388 903 Ad
422 839 552 905 Scotos
586 859 729 922 quoque
760 840 1058 936 Vindobonenses
1095 840 1253 902 scholam
1287 838 1398 902 fuisse
1433 849 1535 920 patet
1574 859 1620 902 ex
1657 839 1865 902 fundatione

125 980 303 1041 hubarum
322 979 484 1061 magistri
500 978 654 1042 Conradi
666 975 964 1060 Vindobonensis,
990 978 1050 1058 qui
1073 977 1351 1040 anniversarium
1367 997 1469 1040 suum
1485 998 1564 1040 cum
1580 977 1697 1060 longis
1712 976 1864 1059 Vigiliis,

129 1136 224 1198 quae
246 1136 269 1178 a
290 1117 514 1199 presbyteris
536 1128 573 1179 et
597 1116 783 1198 discipulis
807 1116 944 1179 cantari
967 1117 1142 1198 solebant,
1168 1116 1341 1178 celebrari
1364 1116 1476 1180 voluit
1491 1119 1524 1197 2).

259 1251 310 1318 Ut
331 1256 496 1318 monachi
519 1255 655 1337 pueriS,
679 1255 729 1319 ita
751 1256 946 1318 monachae
970 1255 1099 1336 puellis
1127 1255 1321 1317 educandis
1352 1265 1388 1317 et
1418 1255 1621 1317 erudiendis
1649 1273 1769 1316 curam
1800 1253 1862 1316 im·

127 1394 339 1474 penderunt.
371 1393 475 1474 Quod
500 1412 714 1476 quamquam
738 1393 773 1456 in
789 1394 953 1456 omnibus
969 1394 1219 1457 monacharum
1236 1393 1416 1456 coenobiis
1432 1393 1564 1455 factum
1581 1413 1661 1456 esse
1677 1394 1864 1473 credimus,

127 1552 193 1614 pro
225 1544 323 1595 certo
355 1532 522 1595 affirmari
555 1552 625 1596 non
655 1541 777 1614 potest
806 1533 873 1595 nisi
908 1534 952 1595 de
980 1532 1185 1615 Nonnberg,
1216 1534 1391 1614 Admont,
1423 1531 1553 1614 Goess,
1586 1552 1613 1594 s.
1639 1531 1787 1614 Georgii
1818 1531 1865 1593 ad

126 1670 292 1753 Langsee
315 1670 431 1752 iisque
455 1671 648 1753 coenobiis,
673 1691 765 1753 quae
788 1671 858 1733 sita
882 1681 983 1733 erant
1006 1670 1042 1732 in
1064 1669 1245 1733 Dalmatia
1259 1672 1294 1751 ³).

258 1808 412 1874 Saeculo
435 1810 538 1873 XIV.
561 1812 665 1891 lapsa
692 1810 727 1873 in
755 1809 980 1873 monasteriis
1012 1829 1146 1872 morum
1178 1809 1371 1873 severitate
1402 1809 1509 1872 etiam
1540 1828 1597 1871 res
1628 1808 1864 1871 scholasticae

126 1950 222 2011 male
244 1968 283 2010 se
305 1947 499 2031 habebant,
524 1950 588 2012 sed
611 1948 778 2012 restituta
800 1947 963 2029 proximo
988 1948 1132 2009 saeculo
1156 1946 1345 2027 disciplina
1368 1948 1414 2009 ad
1430 1966 1543 2010 novas
1559 1967 1643 2028 spes
1658 1945 1866 2008 revixerunt

125 2106 369 2170 magnumque
391 2086 546 2150 fructum
570 2108 616 2150 ex
639 2107 682 2151 eo
705 2094 946 2169 perceperunt
968 2086 1188 2167 commercio,
1214 2088 1308 2167 quod
1325 2085 1549 2147 monasteriis
1566 2085 1766 2147 Austriacis
1787 2092 1865 2146 erat

126 2246 207 2288 cum
229 2225 463 2288 universitate
475 2224 746 2288 Vindobonensi
774 2228 851 2287 1365
879 2223 1031 2288 condita.
1068 2224 1190 2305 Atque
1214 2225 1260 2286 ad
1282 2221 1410 2287 Scotos
1431 2223 1729 2286 Vindobonenses
1751 2225 1865 2286 abbas

124 2366 280 2427 Ioannes
312 2365 356 2425 de
388 2362 668 2428 Ochsenhausen
700 2362 963 2444 (1428-1446),
997 2361 1040 2442 is,
1077 2362 1136 2443 qui
1167 2360 1480 2424 Benedictinorum
1509 2361 1777 2424 Austriacorum
1808 2382 1865 2424 res

125 2502 265 2565 curavit
296 2503 332 2563 in
363 2501 512 2564 concilio
543 2500 757 2583 Basileensi,
788 2520 893 2583 quem
925 2501 1054 2564 Patres
1085 2500 1122 2563 in
1152 2500 1302 2564 concilio
1333 2501 1543 2583 congregati
1576 2500 1753 2585 ,notabile
1789 2501 1865 2563 eius

124 2643 323 2704 membrum
347 2651 383 2701 et
405 2639 474 2702 sibi
496 2639 781 2722 incorporatum“
806 2639 998 2722 nominant,
1023 2659 1159 2701 summa
1182 2658 1266 2701 cura
1290 2659 1332 2702 ac
1357 2638 1541 2721 diligentia
1564 2641 1721 2702 scholam
1745 2660 1864 2703 mona·

124 2779 225 2842 sterii
248 2780 436 2861 amplexus
460 2788 525 2842 est.
564 2778 633 2859 Qui
661 2777 695 2840 ei
723 2778 904 2860 successit,
929 2777 1104 2840 Martinus
1129 2779 1398 2860 (1446—1461?),
1430 2797 1561 2860 magno
1592 2778 1679 2841 artis
1709 2779 1865 2842 musicae

124 2917 246 2981 studio
269 2918 469 2999 tenebatur,
493 2937 600 2998 quam
623 2924 663 2978 ut
683 2917 907 2997 proveheret,
930 2916 1052 2978 ludum
1068 2916 1236 2979 cantandi
1252 2917 1402 2996 aperuit.
1433 2917 1603 2981 Extremo
1619 2919 1763 2981 saeculo
1780 2919 1863 2981 XV.

124 3057 250 3119 schola
273 3056 319 3118 ad
343 3052 473 3117 Scotos
496 3074 634 3117 summa
663 3053 815 3117 florebat
846 3055 952 3116 laude
983 3064 1091 3136 atque
1123 3054 1324 3117 convictum
1350 3055 1508 3119 habebat
1535 3056 1655 3137 pueris
1686 3056 1865 3120 nobilibus

124 3205 250 3274 aptum
264 3193 300 3274 4).
350 3190 496 3255 Mellicii
530 3204 568 3255 et
601 3191 834 3256 Seitenstadii
873 3194 999 3255 eodem
1037 3201 1197 3273 ternpore
1232 3191 1408 3255 florebant
1443 3213 1500 3256 res
1538 3195 1790 3270 scholasticae;
1829 3196 1865 3258 in

124 3341 279 3412 utroque
303 3330 518 3393 monasterio
541 3330 699 3393 scholam
723 3331 948 3393 claustralem
975 3330 1086 3392 fuisse
1115 3342 1151 3392 et
1179 3341 1363 3394 externam
1393 3332 1612 3414 argumentis
1643 3334 1865 3414 comprobari

124 3479 248 3551 potest
262 3471 298 3549 ⁵).

256 3606 335 3668 Nec
364 3605 534 3669 minorem
568 3604 699 3667 famam
735 3605 870 3685 adepta
908 3613 963 3668 est
997 3606 1119 3668 schola
1150 3604 1425 3668 Cremisanensis
1460 3627 1544 3669 cura
1579 3610 1721 3672 abbatis
1752 3610 1864 3674 Ulrici

124 3744 416 3826 Schoppenzaun
434 3746 686 3825 (1454—1484).
718 3744 754 3805 Is
775 3743 943 3806 eximium
958 3745 1072 3806 virum
1087 3744 1296 3828 magistrum
1313 3745 1481 3808 Ioannem
1497 3744 1647 3810 Schrein
1664 3768 1683 3810 e
1700 3748 1868 3833 Zlabings

122 3885 161 3947 in
179 3884 348 3947 Moravia
370 3883 617 3965 arcessiverat,
642 3884 702 3965 qui
726 3884 899 3946 absolutis
922 3883 957 3945 in
982 3883 1212 3946 universitate
1226 3882 1495 3947 Vindobonensi
1518 3885 1657 3967 studiis,
1682 3906 1760 3949 curn
1784 3899 1868 3952 vota

124 4023 317 4085 sollemnia
340 4022 376 4084 in
399 4023 614 4086 monasterio
638 4023 810 4085 edidisset
834 4042 876 4085 ac
901 4031 1028 4103 postea
1051 4025 1165 4084 abbas
1189 4024 1325 4085 electus
1348 4035 1454 4104 esset,
1478 4025 1662 4104 praeclare
1690 4025 1866 4108 dignitate

122 4161 304 4225 abbatiali
327 4159 471 4224 functus
495 4171 550 4224 est
564 4159 599 4242 ⁶).
638 4160 763 4224 Clarae
780 4162 906 4223 eodem
926 4171 1087 4242 tempore
1104 4162 1247 4224 scholae
1265 4173 1365 4224 erant
1380 4161 1666 4225 Michaelburani
1679 4173 1715 4226 et
1730 4164 1867 4227 Lunae·

120 4299 208 4362 laci.
242 4298 527 4360 Michaelburani
544 4319 622 4361 curn
639 4309 782 4381 praeter
797 4309 972 4364 rectorem
987 4301 1062 4362 ludi
1078 4300 1249 4383 magister
1274 4299 1595 4383 („Schulmeister“)
1619 4301 1735 4384 fuerit,
1760 4304 1867 4365 etiam

118 4440 253 4501 ludum
278 4437 545 4500 elementarium
568 4437 680 4501 fuisse
703 4448 804 4519 patet
819 4439 852 4517 7).

263 4734 285 4814 ι)
309 4738 425 4811 Egger,
449 4736 537 4791 Tirol
562 4737 583 4793 Ι.

263 4846 287 4926 2)
311 4849 485 4905 Hauswirth
509 4849 527 4904 1.
546 4869 573 4905 c.

264 4960 289 5040 ³)
312 4961 425 5029 Esterl,
450 4960 585 5017 Chronik
609 4981 668 5018 von
692 4962 874 5038 Nonnberg3
899 4964 1010 5030 FuchS,
1034 4963 1182 5028 Admont;
1207 4962 1430 5029 Ankersholen,
1454 4962 1513 5019 alii.

267 5070 291 5150 ⁴)
315 5073 488 5129 Hauswirth
513 5074 530 5130 l.
556 5093 582 5130 c.

266 5182 290 5263 ⁵)
313 5185 427 5252 FriesS,
452 5184 579 5243 Studien
604 5186 640 5243 ΙΙ.

268 5291 292 5373 6)
315 5297 489 5374 Pachmayr,
513 5299 619 5357 Series
642 5299 660 5354 l.
685 5320 711 5356 c.

266 5408 291 5488 7)
315 5410 483 5472 Chronicon
507 5412 756 5480 Lunaelacense;
782 5411 853 5479 Filz,
878 5411 1131 5468 Michaelbeuern.
