4252 6112
936 489 1192 557 -44·.-

192 683 337 747 Chvoian‚
362 678 471 754 by'valy'
493 677 651 754 professor
676 696 715 734 na
740 678 928 752 gymnasium
952 676 1024 732 Kla-

193 785 342 844 tovskem.
365 783 468 840 Druhfe
484 782 681 840 rozmnoient':
700 800 718 837 a
734 780 887 857 opravene
902 779 1022 856 vyddni.

193 892 220 947 V
232 892 336 956 Praze,
354 887 444 961 1879,
457 886 613 943 ndkladem
627 885 775 941 vlastnim.
788 884 862 942 Bibl.
873 884 1021 941 Emautin.

195 995 246 1050 IX.
266 1009 294 1050 2.
312 1006 364 1066 45.

282 1120 398 1217 Cigoi
433 1132 623 1195 Aloisius
663 1130 1021 1213 (San-Paulanus).

193 1251 308 1314 Natus
325 1261 380 1313 est
396 1249 431 1312 in
445 1248 578 1331 Gojaca
594 1250 630 1312 in
642 1249 789 1332 regione
801 1248 948 1312 Litorali
965 1248 1023 1310 die

196 1395 245 1453 29.
259 1374 332 1436 Ian.
351 1377 442 1454 1842,
460 1394 486 1434 s,
503 1373 627 1435 habitu
644 1372 789 1435 indutus
805 1372 862 1434 die
883 1392 930 1434 11.
948 1372 1021 1434 Ian.

198 1500 292 1578 1862,
321 1496 539 1558 sollemniter
563 1494 746 1577 professus
770 1494 826 1556 die
850 1498 899 1556 28.
916 1493 1022 1556 Mart.

198 1623 293 1700 1866,
318 1619 486 1681 sacerdos
507 1618 691 1679 ordinatus
714 1628 769 1679 est
793 1616 850 1679 die
876 1635 926 1679 20.
946 1615 1022 1678 Iun.

198 1744 288 1804 1866.
311 1739 474 1805 Studium
491 1739 694 1822 theologiae
711 1737 933 1821 Clagenfurti
951 1736 1024 1821 (Vi-

193 1863 282 1943 11161)
304 1863 451 1944 11611616,
474 1863 509 1925 16
531 1861 763 1967 universitate
780 1860 1024 1924 Monachiensi

193 2006 257 2069 per
274 1988 364 2049 duos
384 2005 497 2048 annos
518 1985 759 2065 continuabat,
781 1995 816 2046 et
836 1994 919 2065 post
939 2002 1023 2045 exa·

193 2128 274 2171 men
301 2108 511 2191 rigorosum,
538 2107 815 2189 disputationem
843 2106 1022 2186 publicam

194 2242 231 2294 et
243 2230 472 2312 scriptionem
484 2231 529 2293 de
541 2230 585 2294 II.
598 2230 688 2291 libro
702 2230 1022 2292 Macchabaeorum

193 2354 291 2439 typis
313 2373 521 2435 expressam
544 2354 669 2416 doctor
693 2372 720 2416 6.
743 2350 947 2434 theologiae
969 2369 1023 2412 16-

194 2475 377 2538 nuntiatus
394 2484 459 2537 est.
484 2475 590 2537 Anno
612 2477 691 2536 1868
712 2473 895 2554 professor
915 2471 1022 2535 studii

193 2596 315 2659 biblici
328 2597 372 2658 V.
387 2597 425 2659 F.
439 2595 476 2659 in
491 2596 653 2659 instituto
673 2594 875 2678 theologico
885 2594 925 2655 P.
940 2593 1022 2675 Epi-

195 2718 294 2801 scopi
306 2718 640 2801 Gurc.Clagenfurti
653 2717 864 2797 6616166166,
878 2735 948 2777 una
961 2717 1022 2777 do·

195 2852 252 2903 cet
274 2841 380 2903 etiam
401 2841 699 2903 hermeneuticam
720 2839 888 2901 biblicam
911 2849 947 2900 et
971 2837 1022 2899 in·

194 2963 457 3026 troductionem
470 2963 505 3025 in
517 2962 628 3024 libros
643 2961 685 3023 N.
696 2962 751 3035 F.;
768 2961 904 3042 aliquot
920 2959 1021 3022 annis

194 3084 414 3168 patristicam
439 3083 659 3166 explicabat,
685 3083 788 3145 simul
814 3081 1021 3145 clericorum

194 3206 400 3270 monasterii
425 3206 580 3269 director
608 3205 813 3288 spiritualis.
844 3204 904 3267 Ab
928 3223 1021 3265 anno

198 3334 279 3409 1876
307 3329 433 3391 diebus
461 3327 646 3391 dominicis
676 3328 711 3390 in
739 3325 891 3390 ecclesia
918 3344 1022 3408 paro-

194 3450 299 3514 chiali
332 3449 620 3533 Clagenfurtensi
654 3451 789 3513 alterne
825 3469 905 3511 cum
940 3467 1022 3511 con-

194 3573 314 3653 fratre,
332 3572 421 3655 prof.
438 3574 546 3636 theol.
562 3574 602 3635 P.
619 3572 782 3656 Eugenio
798 3571 894 3634 Pierl
914 3569 1021 3632 etiam

194 3695 383 3758 conciones
400 3714 521 3757 sacras
536 3697 655 3756 habet.
674 3693 801 3758 Omnia
818 3691 936 3756 officia
952 3692 1021 3754 sol-

194 3816 291 3879 licite
307 3826 343 3879 et
359 3818 451 3879 bene
468 3817 600 3898 explet.

278 3957 390 4039 Typis
406 3957 585 4039 expressit
597 3957 808 4037 opusculum
821 3958 887 4018 sub
900 3954 1018 4017 titulo:

278 4099 678 4175 Kritisch-chronologische
695 4098 964 4173 Schwierigkeiten
982 4101 1020 4154 im

190 4205 315 4259 zweiten
331 4204 432 4260 Buche
448 4203 502 4260 der
513 4203 709 4261 Makkabaer.
723 4202 911 4278 Klagenfurt.
930 4200 1019 4260 1868.

191 4307 296 4364 Druck
312 4326 371 4364 von
387 4307 453 4383 Joh.
471 4307 530 4364 und
545 4308 570 4363 F
572 4307 661 4364 ricdr.
679 4308 774 4364 Leon.
796 4326 825 4383 p.
847 4321 960 4381 1—72.
977 4306 1019 4363 8⁰.

279 4452 445 4529 Conrad
473 4465 696 4530 Othmarus
728 4466 1021 4549 (Raigradien

191 4583 260 4661 sis)
283 4583 318 4645 in
335 4602 362 4646 s,
378 4582 476 4645 fonte
494 4580 642 4644 Carolus
658 4583 896 4646 Borromaeus
915 4603 1021 4645 voca-

191 4718 259 4788 tus,
276 4726 323 4768 ex
339 4705 509 4787 opulenta
525 4704 636 4786 stirpe
654 4726 704 4783 24·
716 4703 794 4768 Oct.
814 4705 1022 4785 1729Evan-

192 4828 271 4892 eieii
287 4827 508 4911 progenituS,
525 4828 714 4891 transactis
730 4827 904 4910 pueritiae
921 4828 1022 4891 annis

191 4950 227 5012 in
241 4953 345 5013 domo
358 4960 519 5033 paterna,
537 4953 618 5028 1738
634 4970 655 5011 6
670 4950 879 5033 parentibus
891 4950 1022 5013 Krum-

193 5071 323 5135 lovium
337 5073 489 5136 mittitur
499 5074 545 5135 ad
559 5083 681 5155 patres
689 5073 870 5136 Paulanos
881 5073 927 5134 ad
940 5092 1023 5135 con-

193 5192 364 5255 tinuanda
381 5196 509 5277 studia,
527 5215 618 5278 quae
635 5195 813 5278 Znoymae
834 5206 870 5257 et
892 5194 1021 5258 deinde

194 5313 336 5376 Brunae
366 5315 402 5379 in
432 5317 629 5399 gymnasiis
655 5317 867 5381 Iesuitarum
896 5317 1020 5381 finivit.

195 5435 339 5498 Iuvenis
350 5437 505 5519 optimae
514 5438 653 5522 indolis,
659 5441 760 5503 vultu
769 5440 907 5522 decoro,
916 5440 1022 5502 homo

1103 673 1149 734 ad
1179 692 1334 755 unguem
1360 670 1491 753 factus,
1524 670 1665 735 Conrad
1695 670 1938 734 omnimodam

1103 793 1170 855 sibi
1182 794 1372 877 acquisivit
1381 794 1607 858 dilectionem
1618 794 1792 877 imprimis
1803 813 1936 876 eorum,

1103 917 1313 998 quibuscum
1326 917 1422 980 illum
1432 917 1634 980 conversari
1644 915 1853 999 oportebat;
1867 937 1937 999 quo

1101 1038 1235 1101 factum
1259 1051 1332 1121 est,
1356 1051 1412 1121 ut,
1442 1060 1522 1102 cum
1556 1042 1636 1118 1746
1664 1039 1844 1103 absolutis
1868 1039 1938 1102 iam

1102 1161 1229 1223 studiis
1259 1161 1542 1245 gymnasialibus
1569 1163 1817 1244 praepositum
1849 1162 1937 1225 Rai-

1102 1284 1327 1365 gradiensem
1340 1284 1562 1347 Matthaeum
1578 1285 1791 1348 candidatus
1809 1284 1936 1365 adiret,

1103 1425 1278 1468 consensu
1300 1407 1456 1469 unanimi
1479 1407 1553 1469 voti
1575 1426 1721 1488 compos
1741 1407 1937 1470 exsisteret

1102 1538 1139 1591 et
1155 1527 1321 1592 Calendis
1337 1529 1424 1592 Maii
1440 1530 1650 1592 monachum
1666 1529 1844 1592 indueret.
1862 1529 1936 1592 Ab·

1103 1650 1218 1712 soluto
1231 1650 1424 1714 novitiatus
1437 1670 1539 1732 anno,
1550 1670 1596 1713 ex
1610 1671 1680 1733 quo
1688 1650 1936 1715 P.Thaddae0

1102 1771 1249 1834 Khinell
1278 1773 1425 1836 ductore
1453 1772 1609 1855 optimae
1636 1773 1767 1836 indolis
1796 1771 1936 1835 iuvenis

1102 1894 1302 1957 omnimode
1333 1896 1506 1977 probatus
1538 1895 1643 1977 exiit,
1675 1915 1702 1957 1.
1730 1895 1821 1957 Maii
1857 1915 1934 1975 1747

1101 2036 1221 2079 coram
1237 2018 1363 2080 eodem
1376 2017 1561 2080 Matthaeo
1577 2037 1699 2099 praep.
1713 2017 1938 2080 sollemniter

1102 2139 1219 2203 emisit
1234 2149 1330 2221 vota,
1351 2151 1426 2202 tum
1442 2140 1596 2223 logicam
1616 2160 1663 2202 ex
1684 2140 1937 2221 praelectioni-

1101 2263 1169 2324 bus
1188 2261 1228 2325 P.
1239 2261 1380 2324 Alberti
1392 2262 1596 2346 Raymann,
1615 2262 1839 2345 theologiam
1852 2281 1937 2325 vero

1102 2387 1169 2448 sub
1181 2385 1221 2448 P.
1234 2385 1418 2447 Richardo
1434 2382 1597 2449 Schaller
1612 2396 1648 2448 et
1664 2386 1843 2448 Bennone
1859 2385 1936 2448 Ru·

1101 2506 1163 2569 bin
1183 2506 1218 2568 in
1239 2505 1403 2588 Raigrad
1428 2510 1638 2586 1749—1753
1660 2506 1858 2587 perdidicit
1876 2505 1936 2585 ita,

1102 2638 1141 2690 ut
1156 2649 1203 2691 ex
1218 2628 1273 2690 his
1295 2628 1364 2690 sibi
1384 2628 1568 2710 acquisitis
1590 2627 1751 2691 scientiis
1771 2629 1936 2692 thesibus

1101 2749 1244 2832 publice
1265 2748 1422 2812 defensis
1442 2750 1679 2813 omnimodum
1695 2751 1866 2834 plausum
1881 2771 1935 2814 re·

1100 2870 1230 2934 tulerit.
1255 2871 1361 2934 Anno
1379 2876 1457 2951 1753
1476 2871 1619 2935 Brunae
1635 2892 1700 2955 per
1714 2873 1936 2937 cardinalem

1102 2992 1309 3075 episcopum
1333 2991 1605 3057 Olomucensem
1629 2995 1673 3057 de
1694 2993 1836 3077 Troyer
1856 3015 1937 3077 pre·

1101 3116 1225 3198 sbyter
1241 3116 1424 3178 ordinatus
1440 3116 1615 3198 primitias
1632 3117 1831 3180 celebravit
1849 3117 1936 3181 Lus·

1102 3237 1202 3301 dorfii
1218 3237 1255 3301 in
1270 3238 1418 3301 Austria
1434 3239 1574 3320 privato
1596 3249 1739 3320 sumptu
1761 3241 1936 3322 principis

1101 3360 1305 3424 Emanuelis
1318 3362 1362 3423 de
1371 3361 1625 3443 Lichtenstein,
1642 3360 1702 3443 qui
1713 3362 1782 3424 hac
1795 3363 1935 3426 ratione

1101 3483 1236 3546 meritis
1255 3482 1370 3565 patris
1385 3494 1595 3565 neomystae
1612 3483 1648 3546 in
1664 3484 1824 3547 servitiis
1840 3486 1935 3568 prin·

1101 3606 1191 3687 cipis
1211 3605 1395 3687 acquisitis
1415 3605 1568 3687 gratiam
1588 3606 1718 3669 retulit.
1748 3606 1857 3671 Unde
1881 3628 1935 3671 re·

1101 3729 1174 3790 dux
1188 3727 1379 3792 Othmarus
1391 3726 1652 3811 refectorarius
1669 3730 1852 3810 portarius
1867 3751 1933 3794 nec

1101 3869 1170 3913 non
1186 3849 1415 3913 concionator
1426 3849 1597 3913 festorum
1610 3851 1857 3927 constituitur;
1874 3874 1935 3916 an-

1100 3993 1145 4036 no
1168 3975 1245 4051 1755
1270 3972 1530 4054 philosophiam
1550 3972 1689 4035 clericis
1709 3974 1844 4036 nostris
1863 3987 1935 4037 tra·

1101 4095 1254 4157 dendam
1279 4095 1451 4176 suscepit,
1484 4099 1565 4174 1758
1589 4115 1675 4158 vero
1701 4096 1934 4181 theologiam,

1101 4217 1195 4297 quod
1217 4235 1344 4278 munus
1359 4235 1429 4276 una
1446 4235 1525 4278 cum
1541 4215 1803 4279 bibliothecarii
1827 4228 1863 4280 et
1879 4238 1936 4281 se·

1100 4337 1243 4401 cretarii
1269 4336 1466 4419 praepositi
1489 4336 1607 4400 officio
1630 4358 1696 4419 per
1719 4339 1801 4420 plus
1825 4361 1937 4403 unum

1099 4461 1248 4523 lustrum
1261 4460 1385 4522 sedulo
1398 4459 1521 4540 obivit,
1538 4470 1575 4522 et
1591 4465 1669 4539 1763
1683 4474 1938 4544 susceptorum

1101 4582 1240 4645 noviter
1255 4580 1362 4644 trium
1377 4581 1592 4644 novitiorum
1612 4583 1822 4665 magistrum
1846 4585 1936 4669 egit,

1102 4704 1158 4769 cui
1191 4705 1304 4766 honos
1339 4703 1465 4767 decani
1500 4705 1746 4768 conventualis
1784 4708 1935 4772 additus

1100 4826 1177 4890 fuit.
1198 4828 1360 4889 Decursu
1380 4825 1484 4888 huius
1503 4827 1674 4909 temporis
1694 4828 1764 4890 iam
1784 4833 1865 4910 1757
1885 4851 1935 4894 ex

1101 4952 1224 5012 morbo
1236 4949 1631 5032 graviterdecumbens,
1640 4950 1777 5033 aliquot
1788 4971 1936 5018 menses

1101 5070 1284 5135 Evandicii
1304 5072 1341 5134 in
1361 5073 1466 5135 domo
1482 5083 1632 5154 paterna
1647 5074 1834 5157 transegit,
1856 5088 1935 5140 tum

1102 5215 1148 5257 ex
1168 5205 1337 5276 suscepto
1361 5214 1454 5257 anno
1479 5199 1559 5275 1759
1579 5215 1701 5258 mense
1725 5194 1934 5278 Septembri

1102 5336 1181 5378 cum
1204 5315 1244 5379 P.
1268 5316 1417 5380 Placido
1444 5317 1570 5379 itinere
1593 5337 1659 5399 per
1680 5317 1859 5383 Viennam
1885 5322 1934 5384 ad

1102 5438 1219 5502 Cellas
1249 5438 1430 5503 Marianas
1460 5437 1603 5522 Styriae
1638 5441 1767 5523 redux,
1803 5441 1934 5506 iterum
