4222 6106
178 679 317 741 iuvenis
335 699 370 758 17
386 700 555 743 annorum
573 682 714 744 stimulo
727 685 905 746 eruendae
922 685 1011 746 anti-

178 801 326 882 quitatis
362 803 507 885 ductus,
544 823 629 866 casu
664 803 810 866 fortuito
845 806 1011 867 volumen

177 943 285 985 unum
302 925 562 1006 topographiae
579 945 599 987 a
617 923 771 1008 Schwoy
792 926 910 989 editae
927 928 1012 989 arri·

178 1053 291 1127 peret,
313 1048 408 1127 quod
429 1048 475 1108 ad
492 1056 689 1109 extremum
710 1049 899 1110 revolvens
921 1049 1012 1111 desi·

179 1166 279 1229 derio
296 1167 440 1250 exarsit,
457 1178 496 1231 ut
512 1170 703 1251 aliquando
720 1172 867 1232 mendas
890 1170 1012 1232 inven-

178 1298 234 1351 tas
251 1289 429 1372 corrigere
443 1291 511 1353 sibi
523 1291 655 1354 liceret.
669 1291 783 1372 Quod,
794 1312 899 1372 quam
909 1312 1012 1373 prae-

179 1412 275 1473 claro
288 1414 394 1474 modo
407 1423 534 1493 postea
543 1414 772 1495 praestiterit,
782 1413 877 1475 fama
889 1414 1013 1495 adqui-

181 1532 249 1594 sita
269 1542 309 1595 ut
326 1533 509 1597 Moraviae
521 1536 738 1618 topographi
751 1536 919 1599 declarat.
936 1536 1012 1597 Ab·

181 1654 307 1717 solutis
323 1655 449 1717 studiis
461 1656 727 1719 humanioribus
744 1666 781 1719 ut
798 1676 906 1738 supra
922 1657 1012 1718 dixi-

181 1794 258 1836 mus
271 1775 429 1838 Brunam
447 1796 486 1838 se
507 1777 655 1840 eontulit
673 1777 920 1859 philosophiae
940 1789 1013 1840 stu·

181 1897 287 1958 dendi
314 1916 422 1960 causa
445 1898 565 1978 ibique
586 1899 688 1960 annis
717 1904 881 1962 181o-11
904 1901 1013 1962 ductu

181 2019 375 2081 celebrium
399 2029 423 2084 t.
440 2029 464 2084 t.
485 2021 727 2102 professorum
751 2023 809 2084 dd.
831 2021 1013 2084 Likawetz

180 2148 216 2203 et
231 2140 454 2204 Hallaschka
474 2144 549 2206 ord.
566 2141 602 2206 S.
619 2143 687 2205 Ios.
705 2143 921 2206 Calasanctii
941 2152 1013 2205 stu·

180 2262 320 2325 diorum
337 2262 662 2344 philosophicorum
683 2284 823 2326 cursum
846 2265 1015 2327 eminenti

179 2405 260 2446 cum
270 2403 464 2467 progressu
477 2386 641 2448 absolvit.
658 2384 800 2449 Statum
814 2386 1015 2450 clericalem

179 2504 232 2567 uti
249 2526 376 2569 munus
388 2528 410 2568 a
422 2507 500 2569 Deo
517 2507 584 2569 sibi
601 2508 822 2590 assignatum
838 2509 1013 2592 aspirans,

177 2631 226 2693 ad
240 2630 336 2711 quod
349 2628 409 2710 pia
422 2636 535 2691 mater
548 2630 608 2690 diu
620 2639 726 2692 antea
740 2650 800 2693 cor
813 2641 849 2693 et
861 2631 1014 2695 animum

177 2751 243 2814 filii
260 2763 550 2833 praeparaverat,
568 2773 597 2829 9.
610 2751 697 2815 Dec.
715 2757 791 2814 1811
812 2754 858 2814 ad
872 2755 1014 2816 domum

179 2874 381 2936 clericalem
392 2872 568 2937 Olomucii
580 2874 713 2955 suscipi
723 2874 889 2956 precibus
900 2875 1015 2938 enixis

177 2996 325 3077 orabat,
362 2995 491 3076 quibus
529 3005 707 3058 annuente
744 2997 1014 3079 archiepiscopo

178 3115 362 3196 Wolnyin
372 3135 539 3178 caesareo
548 3116 649 3198 regio
659 3118 762 3197 lyceo
771 3118 903 3180 ibidem
912 3139 1014 3200 prae-

181 3235 357 3298 lectiones
369 3235 590 3318 theologicas
604 3256 650 3298 ex
658 3239 918 3322 archaeologia,
932 3260 1015 3303 exe·

179 3357 272 3438 gesi,
289 3356 412 3439 lingua
426 3357 606 3420 Hebraica
627 3369 664 3421 et
684 3359 831 3422 historia
848 3362 1015 3424 ecclesia·

180 3479 275 3542 stica
298 3480 550 3560 frequentabat
573 3501 638 3562 per
657 3502 801 3555 annum;
826 3492 910 3545 tunc
926 3483 1015 3547 Bru-

179 3621 264 3662 nam
288 3620 409 3663 mense
431 3601 579 3665 Octobri
599 3607 677 3665 1812
701 3604 875 3666 remeavit
895 3605 1015 3686 ibique

179 3741 246 3802 per
276 3722 464 3785 triennium
489 3724 525 3785 in
549 3725 712 3787 instituto
735 3727 938 3810 theologico
960 3748 1015 3792 ce·

179 3854 280 3906 teras
295 3854 417 3926 partes
434 3845 605 3909 scientiae
622 3867 744 3910 sacrae
759 3849 899 3929 aequali
915 3848 1015 3912 indu·

180 3965 271 4027 stria
286 3986 329 4027 ac
346 3986 481 4028 summa
506 3988 584 4029 curn
609 3969 714 4031 laude
734 3969 870 4032 audivit
892 3969 952 4053 ita,
976 3982 1017 4035 ut

181 4087 253 4148 iarn
271 4086 386 4170 primo
409 4098 646 4152 commoratus
671 4092 725 4153 sui
748 4111 841 4154 anno
865 4094 911 4155 ob
932 4094 1015 4155 emi·

182 4217 328 4270 nentem
352 4230 581 4292 progressum
603 4197 819 4294 stipendium
840 4235 899 4276 roo
914 4213 948 4278 fl.
969 4234 1016 4276 ex

180 4329 295 4391 fundo
308 4329 491 4413 religionis
504 4333 681 4396 meruerit.
701 4334 762 4396 Ad
773 4334 879 4398 finem
892 4355 1016 4399 cursus

182 4451 389 4533 theologiae
400 4454 640 4516 catecheticae
651 4466 686 4517 et
699 4456 922 4520 methodicae
932 4477 1016 4539 ope-

180 4591 259 4633 ram
276 4572 375 4634 dedit
391 4584 426 4635 et
441 4575 615 4638 absolutis
632 4577 759 4639 studiis
775 4586 848 4640 tam
861 4578 1015 4660 philoso-

182 4691 301 4774 phicis
319 4714 423 4774 quam
440 4696 651 4778 theologicis
665 4698 833 4760 eminenti
845 4719 924 4761 cum
936 4719 1017 4780 pro·

182 4813 299 4896 fectu,
326 4818 530 4898 exemplum
554 4818 629 4899 viri,
655 4821 780 4881 eadem
803 4820 838 4882 in
861 4821 1016 4903 civitate,

181 4936 277 4998 unde
304 4936 381 5017 ipse
407 4946 484 5001 erat
506 4939 579 5002 nati
596 4940 749 5003 Richter
772 4941 893 5022 nostri,
918 4960 1018 5004 secu·

182 5065 242 5119 tus
258 5077 380 5121 mense
395 5059 589 5122 Februario
607 5065 686 5123 1816
699 5063 796 5143 apud
808 5082 873 5124 nos
886 5063 1018 5144 suscipi

181 5179 327 5261 rogavit
344 5189 380 5242 et
398 5183 545 5244 obtenta
566 5184 720 5265 desuper
732 5184 895 5266 gubernii
911 5184 1018 5247 licen·

181 5299 233 5362 tia
264 5301 344 5365 dd0.
373 5307 401 5365 8.
427 5303 531 5367 Febr.
562 5304 665 5367 huius
692 5307 852 5368 habitum
879 5327 1018 5370 sacrum

181 5444 213 5501 q.
236 5422 342 5487 Mart.
367 5445 388 5486 a
414 5426 505 5487 dom.
528 5428 660 5490 abbate
682 5429 888 5511 Augustino
912 5431 1018 5493 Koch

1092 680 1242 761 accepit.
1275 681 1452 744 Absoluto
1480 683 1655 746 novitiatu
1683 694 1720 746 et
1742 694 1925 749 transacto

1093 801 1211 882 aliquo
1224 811 1385 882 tempore
1396 804 1600 866 ulteriorum
1610 807 1806 869 studiorum
1816 828 1926 869 causa
1984 872 1986 874 ,

1094 920 1268 985 Olomucii
1290 943 1382 986 anno
1404 928 1483 986 1818
1505 945 1552 988 12.
1569 927 1642 988 Ian.
1668 929 1714 989 ad
1738 947 1765 991 s,
1788 928 1924 1009 profes-

1092 1042 1227 1105 sionem
1244 1045 1420 1107 admissus
1437 1055 1472 1107 et
1490 1044 1687 1129 Gregorius
1703 1058 1852 1112 vocatus
1869 1060 1925 1112 est

1093 1164 1189 1228 facta
1214 1166 1326 1247 prius,
1352 1169 1457 1229 modo
1482 1168 1601 1250 solit0,
1628 1171 1818 1232 donatione
1843 1174 1925 1233 sub-

1094 1287 1247 1349 stantiae
1265 1307 1351 1350 suae
1367 1287 1536 1351 fratribus
1557 1290 1641 1371 suis,
1663 1291 1698 1352 in
1719 1311 1925 1374 recompen-

1093 1407 1267 1470 sationem
1282 1409 1529 1491 impensarum,
1547 1411 1582 1472 in
1600 1432 1680 1473 eum
1692 1422 1840 1494 propter
1852 1421 1925 1476 stu-

1093 1529 1152 1590 dia
1180 1531 1397 1592 collatarum.
1437 1552 1487 1610 29.
1518 1532 1656 1615 Martii,
1690 1553 1782 1614 quae
1810 1534 1926 1596 fuerat

1092 1650 1280 1714 Dominica
1301 1653 1336 1714 in
1358 1652 1463 1733 albis,
1488 1657 1534 1715 ab
1559 1655 1730 1736 episcopo
1747 1655 1924 1717 Brunensi

1094 1771 1243 1836 Stuffler
1263 1773 1298 1835 in
1315 1774 1465 1836 ecclesia
1485 1774 1583 1836 filiali
1605 1778 1651 1838 ad
1667 1797 1693 1838 s.
1711 1776 1924 1839 Michaelem

1093 1896 1140 1956 ad
1167 1896 1439 1977 presbyteratus
1467 1897 1626 1960 ordinem
1654 1908 1838 1980 promotus
1870 1912 1925 1961 est

1093 2017 1229 2098 Wolny
1252 2027 1288 2080 et
1313 2018 1476 2098 primitiis
1505 2021 1694 2083 celebratis
1719 2022 1816 2084 chori
1836 2021 1926 2104 figu-

1093 2139 1177 2201 ralis
1193 2159 1323 2222 regens
1336 2143 1382 2202 ob
1395 2141 1579 2204 scientiam
1592 2143 1758 2224 musicae,
1768 2163 1839 2224 qua
1850 2144 1926 2225 pol-

1094 2259 1202 2341 lebat,
1220 2261 1478 2324 denominatus.
1502 2263 1562 2324 Ad
1583 2263 1791 2344 petitionem
1812 2265 1926 2326 consi-

1095 2381 1195 2443 storii
1211 2381 1407 2445 Brunensis
1424 2385 1520 2446 ddto.
1539 2405 1585 2447 12.
1596 2385 1685 2448 Nov.
1703 2390 1783 2447 1818
1797 2385 1832 2447 in
1844 2387 1926 2448 sub·

1096 2503 1225 2565 sidium
1239 2525 1345 2567 curae
1357 2506 1552 2568 animarum
1561 2508 1712 2570 mittitur
1720 2508 1926 2570 Kanitzium

1096 2636 1132 2687 et
1144 2627 1335 2688 transactis
1347 2627 1480 2714 ibidem
1489 2629 1624 2708 aliquot
1632 2629 1926 2710 hebdomadibus,

1096 2767 1203 2828 quum
1226 2749 1438 2830 gubernium
1463 2750 1646 2812 Moraviae
1670 2753 1757 2813 ddto
1780 2757 1830 2813 26.
1852 2751 1926 2815 Ian.

1094 2869 1198 2930 huius
1214 2871 1260 2930 ab
1277 2871 1409 2931 abbate
1430 2881 1552 2932 nostro
1574 2872 1798 2953 quaesiisset,
1814 2892 1860 2934 an
1875 2872 1926 2934 in-

1096 2991 1240 3053 dividua
1256 3011 1322 3073 pro
1340 2991 1519 3055 cathedris
1536 2993 1570 3054 in
1586 2993 1751 3056 instituto
1771 2993 1926 3075 philoso-

1096 3113 1196 3192 phico
1228 3114 1404 3174 Brunensi
1435 3114 1564 3176 idonea
1594 3124 1825 3195 praesentare
1857 3114 1926 3176 iam

1095 3244 1228 3316 posset,
1246 3253 1316 3296 sec.
1335 3235 1605 3298 conventionem
1623 3237 1779 3317 desuper
1793 3235 1926 3298 factam

1095 3357 1192 3420 ddto.
1219 3376 1265 3419 10.
1284 3354 1383 3438 Sept.
1405 3361 1484 3436 1819
1502 3356 1698 3441 Gregorius
1714 3368 1845 3441 noster,
1866 3360 1927 3440 qui

1095 3476 1166 3539 iam
1191 3498 1284 3540 anno
1312 3482 1390 3557 1817
1418 3478 1587 3541 Olomutii
1611 3499 1763 3543 examen
1790 3480 1927 3542 adhoc

1096 3600 1255 3663 subierat
1282 3621 1352 3662 una
1379 3622 1458 3663 cum
1485 3601 1684 3664 Benedicto
1711 3602 1863 3665 Richter
1891 3613 1928 3664 et

1096 3722 1235 3784 Aloisio
1254 3707 1404 3803 Skarka,
1426 3724 1472 3784 ad
1493 3724 1560 3785 hoc
1577 3745 1702 3786 munus
1724 3725 1926 3805 deputatur.

1095 3843 1125 3905 F
1127 3845 1283 3906 acultate
1300 3846 1345 3906 ad
1362 3846 1561 3907 docendum
1583 3850 1633 3910 25.
1651 3846 1746 3928 Aug.
1768 3850 1848 3907 1820
1865 3848 1926 3908 ob·

1095 3974 1195 4027 tenta
1204 3966 1388 4027 historiam
1401 3966 1636 4029 universalem
1649 3975 1685 4030 et
1697 3967 1927 4049 philologiam

1095 4087 1288 4168 incipiente
1306 4108 1398 4150 anno
1419 4089 1631 4172 scholastico
1644 4089 1879 4171 praelegebat
1892 4098 1929 4151 et

1095 4208 1196 4271 brevi
1212 4218 1295 4291 post
1311 4209 1494 4292 iuvenum,
1516 4231 1605 4292 quos
1621 4211 1791 4275 historiae
1807 4233 1927 4276 amore

1095 4331 1281 4413 imbuerat,
1303 4351 1468 4394 coronam
1485 4333 1670 4396 collectam
1687 4334 1846 4416 aspexit,
1868 4335 1928 4416 qui

1097 4455 1142 4515 ad
1159 4455 1314 4516 studium
1330 4454 1440 4517 hocce
1463 4458 1743 4536 promovendum
1768 4475 1928 4539 organon

1098 4576 1377 4658 „Taschenbuch
1387 4576 1443 4639 fiir
1453 4575 1667 4640 Geschichte
1676 4578 1843 4641 Miihrens
1856 4580 1928 4639 und

1098 4696 1322 4760 Schlesiens“
1350 4708 1532 4781 vocaturn,
1561 4701 1708 4761 ductore
1732 4707 1769 4761 et
1790 4707 1928 4760 rectore

1098 4818 1233 4900 Wolny
1244 4819 1447 4901 professore
1456 4839 1520 4882 suo
1530 4821 1670 4901 dilecto,
1680 4820 1835 4884 edidere.
1851 4819 1929 4882 Mo-

1098 4939 1318 5023 nographiae
1346 4941 1508 5022 stirpium
1536 4942 1797 5022 praeclararum
1820 4941 1929 5004 variis

1099 5082 1177 5125 cum
1195 5062 1506 5125 dissertationibus
1530 5083 1576 5139 ex
1598 5063 1746 5126 historia
1769 5085 1872 5127 sacra
1893 5074 1929 5127 et

1098 5184 1258 5266 profana,
1275 5205 1340 5248 nec
1354 5205 1424 5247 non
1438 5185 1739 5266 disputationibus
1756 5207 1775 5249 e
1792 5187 1929 5269 gremio

1098 5305 1296 5369 fabularum
1313 5307 1543 5370 nationalium
1559 5308 1654 5371 felici
1667 5308 1812 5394 foedere
1825 5307 1862 5371 in
1873 5309 1929 5372 his

1098 5429 1265 5513 plagellis
1277 5430 1497 5513 coniunctae,
1506 5451 1673 5514 magnum
1683 5431 1751 5495 sibi
1759 5432 1930 5494 lectorum
