4252 6112
925 459 1209 526 -128—

194 658 311 742 pictis,
328 659 439 722 sacris
456 649 562 721 etiam
579 658 748 741 reliquiis,
771 666 806 721 et
827 658 922 739 quod
943 678 1024 739 pro·

194 782 286 845 fanis
302 782 503 844 hominibus
519 782 632 844 maius
643 781 757 843 videri
770 781 846 843 vult
862 780 1025 843 omnibus

193 904 281 988 istis,
297 905 360 966 vix
374 904 515 967 Vienna
531 905 576 966 ad
593 903 713 966 divum
729 903 888 965 Blasium
906 923 1026 965 rever-

195 1048 288 1110 sum,
316 1026 538 1089 amicissimis
565 1026 693 1088 litteris
715 1025 772 1087 bis
796 1024 945 1107 dignata
970 1034 1025 1087 est

195 1150 378 1212 honorare.
409 1147 519 1209 Filius
535 1146 671 1209 Mariae
687 1146 880 1209 Theresiae
896 1145 1026 1227 primo-

195 1270 348 1354 genitus,
371 1270 564 1351 imperator
587 1268 761 1349 Iosephus
782 1268 836 1349 H,
863 1267 930 1330 etsi
953 1286 1026 1329 mo·

196 1393 319 1455 nachis
334 1392 475 1454 minime
492 1391 635 1471 amicus,
657 1398 786 1471 tamen,
810 1408 889 1451 cum
910 1408 1031 1451 sermo¹

194 1514 379 1576 incidisset
396 1515 440 1576 de
457 1515 633 1575 abbates.
650 1511 772 1594 Blasii,
794 1510 911 1572 dicere
928 1509 1026 1571 audi-

195 1645 252 1698 tus
274 1646 343 1698 est:
366 1634 502 1716 Optare
523 1655 572 1717 se,
595 1643 634 1696 ut
655 1633 729 1695 suis
749 1633 784 1695 in
803 1633 924 1716 regnis
940 1632 1027 1694 mul·

194 1770 251 1822 tos
268 1778 451 1821 numerare
465 1766 589 1839 posset
602 1758 753 1821 abbates
765 1755 868 1817 huius
885 1754 1026 1818 similes.

195 1881 300 1942 Alter
319 1900 471 1962 magnae
494 1877 686 1941 Theresiae
708 1876 811 1958 filius,
835 1876 1028 1957 imperator

194 2002 398 2083 Leopoldus
410 2001 455 2064 II.
468 2003 659 2063 adeuntem
673 2008 709 2062 et
718 1999 892 2061 instanter
899 2016 1027 2079 rogare

195 2143 329 2206 ausum,
351 2143 395 2185 ne
411 2121 619 2185 Iansenistis
640 2129 676 2182 et
697 2119 928 2181 novatoribus
943 2117 1029 2180 faci·

194 2246 263 2306 lem
273 2265 393 2307 aurem
402 2242 702 2325 praeberet‚haud
712 2260 819 2323 aegre
828 2239 1028 2302 ferrevisus

196 2378 260 2449 est,
286 2366 378 2428 serio
402 2366 594 2447 pollicitus,
618 2384 657 2427 se
679 2364 729 2444 id,
755 2363 786 2425 si
806 2382 897 2444 opus
921 2370 1026 2442 esset,

195 2487 270 2551 fore
298 2497 519 2550 testaturum.
548 2486 642 2568 Quid
669 2486 802 2567 mirum,
821 2486 915 2566 quod
935 2484 1026 2545 hanc

195 2609 341 2692 reginae
358 2611 393 2672 in
413 2611 580 2672 abbatem
599 2607 896 2671 existimationem
919 2606 1025 2667 etiam

195 2733 285 2815 regii
301 2733 451 2795 ministri
467 2744 503 2795 et
519 2731 621 2793 aulae
642 2750 808 2812 proceres
823 2730 1026 2792 habebant?

196 2853 294 2935 Quos
317 2855 409 2919 inter
432 2855 566 2936 primus
589 2872 775 2935 supremus
800 2850 1025 2914 consiliorum

195 2976 354 3039 minister
384 2978 551 3058 princeps
582 2974 739 3037 Kaunitz
770 2974 814 3035 de
845 2972 1025 3053 Rietberg

195 3100 363 3161 abbatem
380 3118 522 3180 semper
536 3096 801 3179 benignissime·
813 3094 966 3177 excepit,
988 3102 1025 3156 et

196 3223 373 3302 quondam
398 3221 433 3283 in
454 3220 544 3283 atrio
568 3219 712 3301 reginae
734 3217 826 3280 inter
846 3217 950 3299 primi
970 3236 1025 3279 or·

196 3343 287 3406 dinis
296 3344 474 3406 ministros
486 3341 722 3424 exspectanti,
730 3360 814 3402 mox
823 3360 865 3403 ac
873 3340 1024 3421 viderat,

195 3466 307 3528 amice
320 3485 509 3529 occurrens
521 3465 651 3526 blande
664 3465 838 3526 allocutus
852 3472 919 3525 est:
940 3462 1025 3546 „Ec-

196 3606 236 3650 ce
251 3588 365 3650 virum
388 3589 488 3650 iuxta
504 3606 564 3649 cor
580 3585 725 3649 meum.“
750 3586 786 3648 Is
809 3586 896 3667 ipse,
919 3603 1024 3666 quem

196 3712 357 3774 extranei
373 3699 542 3773 Austriae
559 3710 746 3771 Nestorem
767 3709 948 3790 appellare
969 3725 1025 3767 so·

194 3833 327 3915 lebant,
343 3834 467 3895 abbati
479 3843 634 3914 ectypon
647 3851 747 3892 suum
761 3832 807 3892 ad
819 3830 939 3892 vivum
951 3827 1026 3889 aeri

195 3955 343 4017 incisum
360 3954 563 4036 transmisit,
584 3954 751 4035 apposita
766 3951 958 4014 honorifica
975 3949 1025 4012 in·

196 4078 401 4160 scriptione;
427 4086 464 4139 et
486 4076 582 4138 nullo
607 4096 676 4137 non
700 4084 859 4156 tempore
883 4091 1025 4135 secoe-

191 4200 288 4263 nobii
309 4219 335 4262 s.
357 4198 468 4260 Blasii
492 4209 679 4279 patronum
705 4195 870 4259 ostendit.
895 4196 1022 4257 Parem

193 4321 267 4384 sere
292 4320 481 4382 amicitiam
506 4318 628 4380 abbati
654 4317 815 4380 exhibuit
838 4336 956 4379 comes
978 4316 1022 4377 de

193 4442 401 4505 Bliimichen
417 4458 603 4521 supremus
619 4440 722 4501 aulae
738 4438 970 4501 cancellarius
987 4448 1022 4500 et

192 4565 231 4628 L.
244 4565 285 4627 B.
299 4564 344 4625 de
356 4561 584 4625 Bartenstein
597 4572 681 4623 tunc
693 4561 886 4643 imperialis
904 4561 1022 4624 iudicii

192 4686 297 4750 aulici
310 4685 546 4766 vicepraeseS,
560 4684 596 4745 in
608 4683 737 4746 scholis
750 4684 927 4746 Blasianis
939 4685 1021 4747 olim

192 4812 373 4874 educatus.
394 4809 520 4870 Plures
536 4809 651 4870 adhuc
668 4807 756 4870 alios
778 4807 880 4869 aulae
901 4827 1022 4870 caesa·

191 4953 274 4995 reae
305 4931 483 4994 ministros
513 4940 550 4993 et
580 4929 809 5012 collegiorum
840 4931 1021 5012 praesides

192 5055 335 5135 publica
347 5054 519 5116 litteraria
531 5053 637 5134 fama,
650 5053 825 5115 modestia
838 5061 874 5115 et
886 5073 1020 5116 morum

193 5176 360 5237 comitate
377 5176 445 5238 sibi
466 5186 501 5238 et
522 5176 736 5239 monasterio
758 5176 928 5238 devinxit.
952 5175 1020 5237 Lu·

193 5297 339 5358 dovicus
366 5298 548 5382 Eugenius
575 5300 759 5381 princeps,
791 5309 919 5381 postea
947 5299 1020 5360 dux

191 5414 503 5502 Wdrtembergiae
524 5421 727 5502 religiosam
745 5428 780 5483 et
797 5430 933 5483 arctam
955 5439 1020 5501 per

1105 661 1278 742 epistulas
1294 680 1373 722 cum
1390 661 1522 722 abbate
1538 659 1694 722 Martino
1711 657 1803 720 fovit
1819 657 1942 720 amici·

1104 783 1199 864 tiam,
1217 794 1252 846 et
1268 785 1312 845 de
1329 783 1404 845 eius
1420 783 1520 845 obitu
1536 803 1558 844 a
1573 800 1779 844 successore
1805 780 1941 842 abbate

1104 905 1271 968 Mauritio
1303 906 1431 969 certior
1457 905 1587 987 iactuS,
1619 903 1732 966 doluit
1758 903 1939 984 rescripta

1105 1029 1260 1110 epistula
1272 1027 1478 1091 defunctum
1494 1027 1681 1108 appellans
1697 1025 1794 1087 orbis
1807 1025 1939 1087 eruditi

1104 1150 1401 1233 fulgentissimum
1417 1151 1545 1232 lumen,
1567 1158 1603 1211 et
1623 1148 1796 1211 ecclesiae
1815 1146 1940 1210 deien-

1105 1292 1220 1335 sorem
1236 1271 1545 1334 ferventissimum.
1562 1270 1618 1331 Ex
1634 1269 1756 1333 ordine
1770 1268 1941 1331 ecclesia·

1105 1393 1195 1457 stico
1225 1413 1360 1475 paucos
1391 1402 1528 1456 tantum
1559 1391 1704 1454 Martini
1734 1390 1870 1453 amicos
1903 1399 1940 1452 et

1104 1515 1272 1597 fautores,
1294 1517 1357 1577 sed
1377 1535 1534 1577 summae
1557 1513 1742 1595 dignitatis
1763 1511 1859 1574 viros
1880 1512 1940 1574 vel

1106 1639 1308 1701 nominasse
1325 1637 1488 1700 sufficiet.
1512 1635 1594 1717 Ipse
1619 1635 1749 1698 Christi
1775 1635 1811 1697 in
1834 1634 1941 1697 terris

1106 1760 1268 1842 vicarius,
1282 1779 1438 1822 summus
1448 1758 1610 1840 pontifex
1619 1758 1705 1819 Pius
1714 1757 1776 1820 VI.
1786 1758 1941 1819 eundem

1108 1904 1153 1946 ex
1173 1884 1275 1965 nigra
1298 1883 1389 1945 silva
1404 1882 1580 1944 Viennam
1603 1882 1650 1942 ad
1674 1900 1712 1942 se
1735 1878 1940 1942 venientem

1107 2014 1256 2086 paterne
1277 2014 1312 2067 et
1328 2004 1440 2066 amice
1461 2003 1615 2084 excepit,
1640 2003 1751 2064 multa
1776 2021 1856 2064 curn
1881 2000 1941 2062 illo

1108 2128 1152 2189 de
1178 2126 1398 2189 restituenda
1424 2125 1662 2187 sacerdotium
1691 2123 1782 2185 inter
1813 2132 1849 2185 et
1879 2122 1941 2183 im·

1107 2250 1244 2330 perium
1265 2246 1455 2310 concordia
1475 2244 1661 2308 conferens
1684 2244 1842 2325 consilia,
1865 2245 1941 2325 ple-

1106 2391 1253 2452 rumque
1269 2379 1388 2432 autem
1405 2367 1602 2449 pertinacia
1618 2365 1940 2429 contradicentium

1106 2493 1202 2556 elisa.
1226 2492 1374 2573 Aliquot
1397 2490 1497 2553 annis
1520 2499 1603 2570 post
1627 2508 1692 2569 per
1714 2487 1939 2550 reverendis·

1105 2614 1180 2677 sim.
1206 2615 1296 2676 dom.
1325 2611 1514 2693 Chaleppi,
1535 2620 1634 2672 rotae
1661 2610 1850 2672 Romanae
1879 2630 1939 2672 au-

1105 2737 1264 2817 ditorem,
1286 2734 1479 2797 Martinum
1500 2734 1668 2794 abbatem
1689 2741 1856 2813 rogatum
1878 2750 1938 2793 vo-

1103 2860 1178 2940 luit,
1195 2868 1234 2921 ut
1250 2877 1314 2920 suo
1330 2857 1469 2919 nomine
1492 2865 1528 2918 et
1549 2856 1736 2937 delegatus
1757 2853 1938 2934 pontificis

1105 2981 1251 3044 dissidia
1273 2981 1367 3042 inter
1386 2978 1583 3059 principem
1604 2979 1773 3039 abbatem
1796 2974 1937 3057 Campi·

1105 3106 1296 3166 donensem
1317 3111 1353 3164 et
1374 3102 1449 3163 eius
1470 3101 1594 3162 ducale
1620 3099 1815 3180 capitulum
1840 3117 1936 3160 com·

1103 3235 1253 3307 poneret
1273 3233 1309 3286 et
1329 3243 1454 3305 pacem
1475 3222 1697 3293 restitueret;
1720 3220 1884 3302 quamvis
1903 3219 1935 3281 in

1103 3348 1239 3411 deliciis
1258 3345 1453 3427 habuisset,
1477 3343 1677 3406 sanctitatis
1703 3361 1789 3404 suae
1811 3343 1933 3405 volun-

1104 3471 1169 3533 tati
1186 3472 1443 3549 obtemperare,
1460 3467 1529 3528 iam
1542 3485 1612 3528 non
1624 3473 1776 3546 poterat,
1791 3465 1871 3527 Deo
1887 3464 1934 3525 in·

1103 3592 1204 3654 terim
1233 3590 1457 3672 disponente,
1486 3598 1524 3650 ut
1551 3588 1718 3669 princeps
1746 3585 1932 3666 Campido-

1103 3713 1222 3776 nensis
1239 3711 1373 3774 vomitu
1390 3710 1522 3773 cruoris
1538 3720 1722 3790 correptus
1740 3708 1797 3770 die
1814 3712 1843 3770 8.
1862 3707 1932 3769 Au-

1103 3835 1199 3918 gusti
1222 3834 1379 3896 eiusdem
1401 3832 1482 3894 anni
1499 3832 1595 3893 vitae
1619 3852 1706 3893 suae
1731 3841 1767 3892 et
1792 3849 1931 3893 suorum

1105 3956 1258 4039 querelis
1283 3955 1388 4017 finem
1415 3953 1560 4016 faceret.
1594 3953 1691 4015 Inter
1717 3964 1931 4034 purpuratos

1103 4077 1301 4140 numeravit
1321 4075 1454 4138 amicos
1470 4074 1686 4137 cardinalem
1703 4075 1870 4137 comitem
1891 4076 1932 4136 de

1101 4199 1262 4282 Migazzi,
1275 4197 1582 4279 archiepiscopum
1593 4197 1845 4278 Viennensem,
1859 4216 1931 4259 car-

1102 4322 1254 4384 dinalem
1274 4321 1502 4383 Franciscum
1523 4321 1567 4381 de
1589 4320 1700 4402 Rodt,
1722 4319 1929 4401 episcopum

1101 4442 1410 4507 Constantiensem
1440 4451 1476 4504 et
1504 4442 1719 4504 cardinalem
1748 4439 1929 4521 Garampi.

1100 4565 1243 4628 Elector
1259 4565 1411 4646 denique
1427 4573 1463 4626 et
1476 4563 1765 4644 archiepiscopus
1778 4562 1930 4644 Mogun-

1101 4687 1194 4749 tinus
1210 4686 1327 4750 Fried.
1348 4689 1394 4748 ab
1415 4686 1538 4748 Erthal
1559 4684 1781 4747 amicissimis
1803 4684 1930 4747 litteris

1100 4810 1267 4871 abbatem
1284 4829 1355 4871 non
1371 4810 1480 4871 semel
1497 4808 1674 4889 salutavit,
1697 4807 1850 4869 amicum
1872 4808 1931 4869 ad·

1100 4934 1241 4994 modum
1268 4932 1435 4994 dilectum
1458 4932 1654 5012 appellans,
1680 4929 1871 5011 aliquoties
1895 4938 1932 4991 ut

1099 5053 1324 5135 Moguntium
1341 5054 1386 5114 ad
1404 5074 1442 5114 se
1460 5053 1606 5134 veniret,
1628 5051 1829 5114 humaniter
1846 5051 1932 5114 invi-

1099 5186 1221 5238 tatum.
1246 5174 1360 5256 Quam
1376 5177 1496 5258 plures
1510 5175 1598 5236 alios
1616 5195 1662 5236 ex
1680 5174 1930 5249 cardinalibus,

1100 5298 1279 5378 episcopis
1296 5309 1332 5360 et
1345 5297 1478 5360 clericis
1491 5297 1634 5359 minoris
1648 5296 1834 5379 dignitatis
1852 5316 1929 5359 cum

1100 5419 1178 5500 ipso
1195 5419 1371 5482 amicitiae
1394 5430 1430 5482 et
1451 5419 1633 5482 charitatis
1649 5418 1799 5481 vinculis
1820 5418 1932 5481 fuisse
