4222 6106
924 484 1207 554 -5,3..

279 675 346 730 XII.
375 673 439 729 Aus
463 672 528 728 dem
553 672 772 728 Calendarium.
801 673 861 727 Fur
885 670 1022 726 Freumle
1064 668 1067 703 ¹
1105 666 1305 729 sacerdotio
1329 667 1487 729 inItiatur
1509 677 1544 729 et
1565 687 1657 729 anno
1679 674 1756 746 1752
1782 670 1817 732 in
1841 671 1935 733 festo

188 778 411 834 undVerehrer
423 776 477 832 der
490 776 558 832 heil.
572 777 680 832 bilder.
694 773 723 854 (i.
737 796 764 831 e.
780 777 825 831 Ex
840 775 1020 831 calendario

190 883 249 937 Pro
266 901 290 938 s.
308 883 467 955 imaginum
484 877 672 956 cultoribus)
690 880 774 944 Linz,
796 878 887 952 1878.

275 1003 359 1059 XIII.
381 1003 503 1059 Bericht
520 1000 594 1057 iiber
611 1003 711 1075 einige
727 1002 891 1058 kirchliche
909 1003 1021 1056 Konst-

191 1107 293 1163 werke
321 1109 359 1162 im
387 1106 577 1180 Mattigthale
607 1107 666 1162 und
693 1106 802 1162 dessen
831 1104 1021 1179 Umgebung.

190 1207 219 1288 (i.
236 1229 263 1267 e.
286 1210 405 1266 Relatio
427 1211 464 1266 de
485 1210 619 1266 artificiis
643 1211 858 1266 ecclesiasticis
882 1211 910 1264 in
934 1209 1021 1273 ralle,

190 1333 279 1389 quarn
292 1316 419 1388 Mattiga
432 1311 595 1391 interfluit.)
612 1315 645 1369 ln
659 1313 716 1369 den
728 1315 957 1387 Illittheilongen
970 1313 1023 1368 der

190 1420 218 1476 k.
236 1420 265 1476 k.
283 1419 637 1475 Central·Commission
663 1438 715 1473 zur
736 1418 945 1490 Erforschung
969 1417 1022 1472 der

190 1523 422 1579 Baudenkmale.
444 1522 533 1596 1872.
551 1523 619 1578 CIX
636 1542 665 1598 p.

274 1627 356 1683 XIV.
385 1626 642 1682 Kunstdenkmale
671 1628 698 1681 in
727 1624 942 1682 Schleissheim
972 1625 1021 1682 bei

189 1730 284 1787 Wels.
316 1727 346 1808 (i.
375 1749 402 1786 e.
431 1731 536 1806 Opera
562 1731 702 1804 antiquae
729 1733 804 1785 artis
835 1732 864 1785 in
892 1729 1022 1785 ecclesia

189 1832 425 1912 Schleissheim.)
446 1834 679 1891 Ebendaselbst.
700 1834 790 1907 1876.
813 1836 897 1889 Neue
914 1834 1019 1907 Folge.

190 1938 227 1994 II.
244 1939 316 1993 XXI
334 1958 363 2014 p.

275 2043 342 2098 XV.
360 2043 417 2098 Die
435 2042 553 2099 VVaern
571 2042 628 2098 und
645 2042 684 2098 W
687 2061 786 2117 appen
802 2042 924 2098 Christi.
949 2037 1019 2118 (1.0.

189 2147 234 2202 De
256 2149 349 2202 armis
372 2160 402 2202 et
424 2148 532 2220 insigni
548 2145 680 2224 Christi.)
704 2146 885 2202 Christliche
909 2148 1021 2202 Kunst·

187 2248 310 2305 blatter.
328 2265 357 2322 9.
374 2250 477 2325 Jahrg.
494 2251 550 2305 No.
567 2265 584 2321 3
604 2246 764 2327 (lo—12).

273 2353 356 2410 XVI.
388 2355 451 2409 Der
479 2352 683 2409 Stammhaum
712 2354 832 2409 Christi.
865 2350 894 2430 (i.
919 2373 945 2409 e.
974 2354 1021 2408 De

187 2470 348 2512 stemmate
361 2455 494 2534 Christi.)
507 2456 739 2513 Ebendaselbst.
757 2459 813 2513 N0.
826 2474 846 2529 4
859 2454 1019 2534 (15—16).

188 2560 304 2617 Eadem
322 2563 448 2617 materia
464 2560 697 2617 continuabitur.

274 2665 371 2722 XVII.
389 2665 446 2720 Die
460 2666 602 2721 Klinstler
615 2665 668 2720 des
680 2666 868 2721 hlittelalters
885 2666 943 2721 und
957 2666 1021 2721 ihre

184 2767 313 2823 Werlre.
331 2764 362 2845 (i.
380 2787 406 2824 e.
424 2769 470 2824 De
487 2767 650 2824 artificibus
668 2769 754 2824 medii
771 2770 838 2824 aeri
855 2788 1020 2843 eorumque

184 2868 355 2948 operibus.)
373 2872 414 2926 Im
424 2873 562 2927 Berichte
576 2871 650 2927 iiber
664 2872 711 2927 die
721 2872 1019 2928 Generalrersamm·

183 2974 258 3048 lung
276 2975 331 3030 des
348 2976 759 3031 Didcesan·l<unstt·ereines
776 2977 805 3030 in
821 2977 905 3031 Linz.
927 2975 1017 3031 1860.

181 3085 227 3151 4⁰·
245 3098 277 3154 Ρ·
294 3093 390 3151 3-5·

272 3223 466 3296 Winkler
498 3236 532 3296 V
539 3239 784 3299 enceslaus
822 3238 1018 3323 (Raigra-

181 3351 370 3432 diensis),
382 3351 552 3415 Moravus
563 3354 843 3418 Aichhornensis
856 3378 906 3419 22.
917 3355 1016 3438 Sept.

186 3478 270 3553 1728
287 3483 402 3537 natus.
426 3474 515 3536 Post
538 3486 685 3555 peracta
710 3478 828 3539 studia
851 3478 1017 3541 inferiora

181 3596 229 3658 ad
242 3596 464 3658 academiam
477 3595 749 3660 Olomucensem
760 3609 1015 3683 transgressus,

180 3717 304 3799 ibique
325 3737 390 3798 per
413 3728 485 3780 tres
510 3739 621 3781 annos
642 3722 887 3784 humaniorum
909 3744 1017 3785 causa

180 3849 367 3920 uersatuS,
405 3840 544 3923 logicae
584 3843 732 3924 aliisque
771 3845 1017 3926 peripateticis

181 3960 365 4023 exercitiis
382 3962 564 4044 egregiam
578 3965 725 4026 navavit
742 3985 887 4045 operam
901 3980 936 4028 et
949 3966 1017 4027 vir-

181 4091 298 4143 tutum
314 4082 443 4164 studio,
460 4104 676 4166 morumque,
692 4087 752 4166 qui
768 4108 789 4148 a
805 4087 945 4169 legibus
958 4090 1018 4148 de·

181 4203 387 4265 siderentur
402 4205 626 4286 academicis,
649 4215 771 4268 tenore
788 4208 1017 4270 moderatori-

181 4327 248 4388 bus
265 4326 342 4387 suis
359 4328 501 4407 plenam
518 4329 616 4390 dedit
629 4329 919 4392 satisfactionem.
942 4331 1017 4392 Ad-

180 4448 296 4509 hibita
314 4447 469 4530 diligens
487 4451 714 4530 praeparatio
731 4452 930 4532 mentisque
948 4452 1017 4512 dis-

181 4570 300 4633 cussio
324 4570 488 4632 iuvenem
510 4571 666 4633 sedecim
691 4592 861 4635 annorum
886 4575 931 4635 ad
956 4594 1016 4634 no·

180 4701 294 4754 strum
323 4693 474 4754 adduxit
501 4694 767 4774 monasterium,
798 4695 832 4756 in
861 4715 946 4776 quo,
977 4706 1016 4757 ut

179 4813 439 4895 susciperetur,
462 4834 482 4874 a
503 4834 625 4895 praep.
645 4815 828 4877 Matthaeo
849 4817 1015 4896 precibus

179 4933 388 5016 impetravit
404 4945 440 4997 et
458 4945 541 5017 post
560 4936 753 4998 novitiatus
767 4937 848 4998 anni
863 4938 1015 4999 curricu-

179 5057 255 5120 lum
271 5061 301 5120 5.
314 5057 402 5119 Dec.
425 5063 503 5136 1745
523 5058 558 5120 in
574 5079 698 5121 manus
716 5059 874 5121 eiusdem
891 5079 1014 5140 praep.

178 5178 368 5242 sollemnia
391 5179 507 5242 emisit
528 5190 624 5260 vota,
649 5200 778 5242 nomen
802 5181 1014 5262 baptismale

176 5301 350 5364 retinens.
375 5301 463 5364 Tum
488 5304 534 5364 ad
559 5303 675 5364 studia
697 5303 900 5385 theologica
921 5303 1014 5365 domi

176 5443 218 5486 se
244 5423 420 5505 accinxit,
441 5425 569 5505 quibus
592 5425 818 5488 laudabiliter
842 5425 1015 5488 absolutis

1104 789 1364 852 Purificationis
1390 789 1564 872 primitias
1587 793 1791 855 celebravit.
1816 792 1934 856 Conti-

1062 850 1066 973 i
1103 932 1172 975 nuo
1189 922 1375 994 neomysta
1391 914 1545 995 Iosepho
1564 913 1724 976 Ortovitz
1746 914 1934 977 bibliothe-

1102 1034 1197 1096 cari0
1210 1035 1374 1096 solatium
1387 1037 1491 1097 datur
1499 1056 1614 1116 quem,
1628 1045 1666 1097 ut
1679 1036 1715 1098 in
1728 1036 1934 1098 ordinandis

1101 1156 1201 1218 libris
1225 1147 1420 1238 adiuvaret,
1439 1157 1583 1239 excepit
1601 1160 1815 1239 mandatum,
1830 1158 1933 1220 simul

1101 1297 1187 1340 vero
1226 1278 1465 1358 praedicando
1500 1283 1648 1342 verbum
1688 1281 1844 1343 divinum
1880 1301 1933 1343 se·

1103 1400 1186 1460 dulo
1199 1418 1343 1480 operam
1357 1400 1539 1481 impendit.
1557 1402 1779 1483 Philologiae
1793 1422 1933 1484 semper

1101 1522 1363 1583 amantissimus
1375 1525 1554 1585 remansit.
1580 1524 1638 1584 Ad
1653 1525 1881 1587 excitandum
1898 1526 1933 1586 in

1102 1643 1231 1706 Christi
1256 1645 1378 1706 militia
1401 1645 1578 1707 fervorem
1602 1666 1725 1728 praep.
1744 1649 1930 1709 Bonaven·

1101 1776 1181 1827 tura
1193 1766 1227 1826 V
1229 1767 1430 1828 enceslaum
1448 1789 1476 1828 2.
1495 1769 1589 1849 Aug.
1612 1773 1689 1846 1757
1709 1769 1931 1850 subpriorem

1102 1879 1227 1949 domus
1247 1887 1333 1950 10011
1356 1900 1392 1950 01
1412 1891 1576 1951 absoluto
1598 1893 1644 1952 ab
1669 1889 1787 1953 0111010
1806 1892 1932 1953 biblio-

1101 2009 1258 2089 thecarii,
1281 2009 1493 2090 inspectoris
1514 2012 1652 2073 culinae
1675 2033 1716 2074 ac
1737 2013 1931 2093 provisoris

1100 2131 1320 2213 provinciam
1347 2133 1585 2196 demandavit.
1625 2135 1747 2197 Bonae
1774 2136 1930 2218 discipli-

1101 2272 1167 2314 nae
1195 2253 1475 2315 studiosissimus
1503 2255 1661 2335 explevit
1689 2257 1734 2317 ad
1762 2258 1928 2319 amussim

1101 2375 1293 2454 superioris
1315 2377 1482 2438 mandata
1503 2397 1633 2458 neque,
1655 2387 1693 2440 ut
1715 2389 1840 2441 exorto
1865 2400 1929 2461 per

1101 2496 1276 2559 Borussos
1300 2517 1392 2559 anno
1420 2503 1499 2577 1758
1522 2501 1690 2580 tumultu,
1713 2510 1815 2582 terga
1837 2521 1927 2563 mon.

1100 2629 1256 2680 verteret
1284 2621 1449 2700 exemplo
1474 2620 1600 2700 prioris
1626 2631 1650 2684 t.
1675 2631 1698 2683 t.
1724 2623 1842 2685 induci
1867 2643 1929 2704 po-

1100 2749 1202 2821 terat,
1216 2739 1320 2802 immo
1336 2742 1456 2822 potius
1469 2750 1590 2803 custos
1604 2745 1728 2805 domus
1741 2764 1928 2806 remanens

1099 2880 1164 2941 per
1180 2861 1306 2923 missas
1322 2859 1458 2944 legales
1475 2863 1657 2926 citatorias
1681 2866 1727 2926 ad
1752 2875 1929 2928 monaste-

1098 2983 1186 3044 rium
1203 2983 1238 3044 in
1254 2982 1341 3065 fuga
1357 2984 1569 3046 constitutos
1581 2987 1773 3048 revocavit.
1799 2988 1926 3068 Praep.

1099 3105 1351 3175 Bonaventura
1367 3104 1441 3167 vita
1464 3105 1585 3168 11111010
1610 3127 1680 3168 una
1704 3127 1782 3168 cum
1800 3109 1838 3169 P.
1854 3109 1927 3170 Fri-

1098 3226 1216 3288 derico
1233 3226 1350 3306 priore
1368 3236 1403 3288 et
1415 3227 1455 3288 P.
1470 3227 1641 3291 Othmaro
1657 3230 1926 3310 praepositurae

1098 3348 1309 3411 candidatus
1328 3369 1346 3410 e
1362 3350 1498 3431 gremio
1514 3349 1661 3412 fratrum
1674 3351 1849 3434 Raigrad.
1867 3373 1927 3415 no-

1097 3471 1258 3552 minatur,
1275 3473 1369 3533 unde
1386 3482 1496 3554 patet,
1514 3492 1594 3535 eum
1611 3474 1764 3536 omnium
1781 3475 1849 3537 sibi
1866 3477 1927 3537 ad-

1098 3593 1285 3673 quisivisse
1298 3614 1432 3657 morum
1442 3614 1583 3656 suorum
1597 3597 1750 3657 candore
1762 3597 1927 3658 aestima-

1096 3717 1238 3779 tionem.
1271 3717 1413 3778 Electus
1441 3726 1496 3778 est
1521 3716 1713 3780 Othmarus
1741 3718 1776 3780 in
1803 3739 1925 3799 praep.

1102 3857 1148 3916 17.
1161 3838 1224 3900 Iul.
1243 3843 1332 3918 1764,
1345 3839 1405 3919 qui
1414 3838 1662 3919 Venceslaum,
1679 3839 1761 3901 inde
1775 3843 1821 3901 ab
1834 3860 1926 3901 anno

1101 3964 1179 4036 1702
1207 3964 1257 4021 26.
1281 3959 1384 4020 Febr.
1409 3961 1603 4040 parochum
1626 3961 1763 4042 Raigr,
1788 3962 1926 4023 sincero

1098 4082 1288 4142 adamabat
1313 4101 1432 4143 amore
1458 4094 1494 4143 et
1515 4082 1688 4144 ecclesiae
1709 4102 1736 4145 5.
1754 4083 1867 4145 0111015
1891 4084 1926 4144 111

1098 4203 1231 4283 oppido
1259 4204 1423 4287 Raigrad
1455 4206 1694 4266 exstruendae
1721 4225 1814 4266 anno
1846 4211 1925 4283 17115

1098 4326 1271 4388 commisit
1284 4327 1637 4389 administrationem.
1656 4328 1695 4391 P.
1705 4328 1926 4390 Venceslaus

1097 4449 1225 4509 multos
1242 4446 1452 4510 affabilitate
1469 4468 1533 4510 sua
1547 4458 1673 4511 nactus
1691 4459 1745 4510 est
1761 4449 1926 4511 benefac·

1096 4580 1201 4649 tores,
1223 4570 1345 4649 sicque
1367 4569 1494 4650 effecit,
1519 4579 1558 4631 ut
1582 4570 1725 4631 biennio
1749 4581 1831 4650 post
1855 4589 1925 4632 sec.

1096 4691 1272 4753 dominica
1288 4701 1370 4771 post
1387 4691 1521 4771 pascha
1538 4690 1689 4751 ecclesia
1709 4689 1926 4770 amplificata

1095 4813 1254 4874 sollemni
1281 4813 1349 4873 ritu
1377 4811 1541 4873 benedici
1568 4811 1734 4892 potuerit.
1768 4811 1925 4873 Decreto

1095 4934 1330 4996 consistoriali
1355 4935 1450 4995 ddt0.
1479 4953 1525 4995 10.
1548 4934 1635 5013 Apr.
1660 4933 1818 4994 eiusdem
1842 4934 1926 4995 anni

1095 5056 1245 5118 ecclesia
1269 5056 1314 5116 ad
1338 5075 1364 5118 5.
1383 5075 1522 5117 crucem
1544 5055 1578 5116 in
1599 5055 1837 5136 parochialem
1854 5058 1924 5118 ele-

1095 5187 1178 5239 vata
1194 5177 1261 5240 fuit
1277 5187 1313 5239 et
1325 5178 1545 5239 Venceslaus
1563 5198 1691 5239 novam
1708 5179 1849 5239 domum
1863 5198 1925 5258 pa-

1094 5301 1282 5363 rochialem
1310 5300 1392 5362 huic
1420 5300 1561 5362 obviam
1591 5299 1694 5361 sitam
1726 5299 1925 5362 inhabitare

1095 5423 1212 5503 coepit
1229 5443 1340 5504 usque
1362 5425 1407 5483 ad
1430 5443 1558 5484 annum
1580 5442 1675 5503 1770,
1697 5442 1767 5503 quo
1784 5424 1925 5485 domum

1665 5527 1697 5588 65
