4252 6112
941 478 1196 546 „93-

196 667 283 723 sulat.
309 665 411 740 Gyujt.
433 666 587 739 Ferenczy
606 665 703 741 Jakab
724 684 739 721 s
760 664 901 721 Danielik
915 664 1025 739 szses.

197 771 278 827 Pest.
295 769 409 826 Emich.
431 766 521 841 1856.
540 767 581 826 8⁰.
600 785 616 826 2
635 782 655 826 t.
673 767 732 841 641
749 775 779 834 «Ι-
796 769 825 823 Χ
840 787 870 844 p.

284 879 387 952 Fiall
410 892 618 956 Antonius
641 891 894 974 (Scotensis),
921 900 1026 954 natus

198 1020 253 1072 est
268 1009 430 1072 Viennae
451 1011 486 1072 111
507 1010 653 1073 Austria
674 1010 731 1073 die
756 1014 803 1074 13.
820 1011 909 1074 Nov.
935 1015 1025 1074 1801.

197 1132 350 1195 Adcitus
372 1136 449 1193 1822
473 1133 530 1194 die
555 1138 602 1196 13.
620 1131 699 1196 Oct.
720 1131 755 1194 in
775 1132 1026 1195 monasterium

198 1255 240 1318 Β.
256 1254 304 1318 Μ.
320 1253 364 1318 V.
380 1255 427 1317 ad
443 1252 572 1317 Scotos
589 1254 761 1335 Viennae,
783 1274 862 1316 cum
882 1258 929 1317 18.
946 1252 1026 1317 Oct.

203 1381 282 1440 1825
304 1376 463 1439 sollemni
480 1385 642 1439 votorum
664 1376 854 1457 sponsione
874 1396 954 1438 sese
974 1386 1026 1438 to·

197 1509 273 1563 tum
290 1498 492 1562 dedicasset
506 1498 595 1579 Deo,
612 1499 669 1560 die
687 1519 737 1576 24.
753 1498 848 1580 Aug.
869 1502 948 1577 1827
966 1500 1027 1561 ab·

198 1622 322 1685 solutis
346 1641 373 1684 s.
397 1620 598 1703 theologiae
619 1620 745 1683 studiis
766 1621 801 1682 in
821 1621 913 1683 alma
933 1620 1026 1683 univ.

197 1745 352 1807 Vindob.
375 1747 564 1826 presbyter
584 1754 639 1806 est
662 1744 844 1808 ordinatus
867 1764 934 1806 nec
958 1762 1027 1805 non

199 1868 257 1930 die
289 1873 318 1931 8.
346 1865 445 1947 Sept.
477 1867 636 1929 eiusdem
663 1866 745 1929 anni
774 1867 923 1948 primam
949 1866 1028 1930 Deo

199 1990 328 2054 obtulit
349 1990 568 2052 incruentam
591 1989 753 2052 hostiam
778 1989 1028 2071 Cooperatoris

200 2114 328 2176 deinde
341 2111 458 2175 officio
471 2112 613 2174 functus
623 2122 679 2175 est
691 2116 858 2175 1828-30
868 2112 903 2174 in
913 2109 1028 2175 Stam-

200 2234 388 2315 mersdorf,
418 2238 499 2296 1830
523 2254 607 2296 vero
632 2244 667 2296 et
696 2239 770 2297 1831
800 2233 834 2296 in
858 2233 1027 2296 suburbio

199 2356 395 2419 Viennensi
409 2354 659 2437 Gumpendorf
669 2356 773 2419 dict0.
791 2356 896 2418 Unde
908 2355 943 2418 in
956 2375 1029 2418 mo-

199 2478 392 2541 nasterium
405 2479 519 2540 redux
528 2486 687 2540 curatum
701 2488 735 2540 et
745 2478 1028 2541 concionatorem

199 2600 275 2682 egit
290 2609 481 2680 strenuum,
506 2601 653 2661 obtento
674 2619 824 2662 unacum
846 2599 1029 2663 sacristiae

200 2720 385 2785 directoris
401 2740 555 2783 munere.
580 2720 685 2783 Anno
697 2740 783 2783 vero
800 2726 881 2800 1840
896 2742 955 2784 1113
967 2724 1030 2784 mi-

200 2843 319 2926 gravit
331 2844 377 2904 ad
390 2842 594 2923 parochiam
608 2842 643 2904 in
651 2843 887 2906 Martinsdorf
896 2853 932 2907 et
949 2849 1025 2922 1841

201 2966 235 3028 in
256 2964 588 3046 Kleinengersdorf,
612 2966 706 3026 unde
727 2985 838 3045 parvo
860 2965 1030 3047 temporis

200 3087 317 3169 spatio
330 3085 515 3148 interiecto
524 3086 652 3148 missus
665 3096 720 3149 est
728 3088 773 3148 ad
784 3086 1030 3150 administran-

202 3211 281 3272 dam
302 3209 484 3271 abbatiam
508 3209 553 3270 de
576 3208 691 3292 Telky
711 3209 745 3270 in
762 3209 947 3291 Hungaria
967 3228 1032 3291 per

202 3342 274 3395 tres
298 3351 419 3412 11111103,
445 3331 574 3412 quibus
596 3331 727 3414 elapsis
754 3337 833 3410 1844
858 3332 904 3393 ad
928 3351 1032 3412 paro·

203 3455 315 3517 chiam
332 3455 367 3516 in
383 3453 707 3536 Kleinengersdorf
719 3473 884 3516 reversus
900 3453 1031 3516 ibidem

203 3575 396 3638 animarum
418 3595 536 3637 curam
552 3575 675 3657 gessit,
699 3576 811 3637 donec
834 3579 1032 3655 184911010-

204 3699 289 3760 chus
309 3697 473 3778 idemque
494 3696 758 3759 administrator
778 3696 813 3758 in
830 3696 1032 3758 Breitenlee

204 3820 412 3902 designatus
425 3827 489 3882 est.
506 3819 619 3881 ulnno
637 3822 715 3881 1855
729 3838 815 3880 vero
827 3820 940 3880 abbas
953 3837 1031 3880 eum

203 3941 392 4023 parochiae
401 3943 447 4003 ad
457 3960 483 4005 3.
494 3940 684 4022 Aegidium
698 3940 734 4002 in
747 3941 916 4002 suburbio
926 3937 1032 4002 Gum-

208 4061 363 4143 pendorf
382 4060 564 4144 praefecit,
590 4082 694 4143 quam
723 4065 801 4124 1862
827 4082 905 4125 cum
929 4080 1032 4141 paro-

204 4187 282 4249 chia
298 4185 502 4248 monasterii
519 4185 726 4246 immutavit.
743 4183 808 4248 Cui
820 4184 954 4247 muneri
971 4184 1032 4246 im-

205 4317 364 4371 mortuus
381 4317 436 4369 est
452 4310 480 4369 6.
499 4306 586 4387 Apr.
609 4309 699 4385 1867.

289 4429 404 4512 Iypis
422 4428 546 4490 edidit:

290 4553 414 4628 Predigt
439 4553 487 4610 bei
511 4552 577 4608 dem
600 4552 765 4626 jdhrlichen
789 4551 954 4608 llankfeste
980 4551 1033 4606 des
1072 4570 1074 4615 ε
1113 4570 1273 4642 peracto,
1298 4561 1449 4644 contigit
1471 4562 1553 4625 huic
1576 4563 1652 4625 viro
1678 4563 1840 4646 egregio,
1865 4565 1944 4626 Deo

203 4656 711 4733 Handlungs·l<ranken·lnstitutes
727 4659 756 4712 in
771 4657 825 4712 der
838 4654 963 4731 Kapelle
979 4654 1034 4710 des

203 4764 273 4821 heil.
306 4762 544 4837 Schutzpatrons
578 4760 702 4836 Joseph.
737 4761 948 4834 Vorgetragen
986 4776 1033 4814 am

204 4869 462 4942 Psingstmontage
482 4865 540 4921 den
562 4879 607 4939 19.
626 4865 696 4940 May
716 4862 805 4936 1834.
828 4861 857 4942 (i.
874 4882 901 4918 e.
918 4863 1034 4918 Concio

205 4975 234 5029 111
250 4990 348 5028 annua
364 4970 563 5026 sollemnitate
586 4971 711 5025 instituti
733 4968 916 5024 infirmorum
936 4969 1035 5022 socie-

204 5079 275 5133 tatis
299 5088 499 5132 mercatorum
524 5076 553 5129 in
578 5075 694 5151 capella
714 5075 831 5149 patroni
849 5066 1034 5147 s.10sephi.)

204 5181 348 5247 Viennae,
370 5177 459 5250 1834,
477 5179 556 5253 typis
572 5178 685 5251 Congr.
702 5177 841 5233 Mechith.

1070 4318 1073 4425 l

1111 681 1206 744 1777,
1238 661 1328 742 prof.
1364 682 1412 741 14.
1445 662 1519 726 Iun.
1557 667 1653 745 1798,
1684 664 1851 726 sacerdos
1884 667 1933 727 25.

1088 782 1209 847 -Mart
1236 788 1328 865 1800,
1347 783 1450 846 31111111
1473 803 1551 847 cum
1570 784 1697 847 Mauro
1717 784 1850 847 Bemdl
1874 805 1935 848 vo·

1106 912 1207 967 catus
1224 915 1288 987 est,
1309 915 1348 967 ut
1363 905 1512 986 primam
1528 907 1830 988 grammaticalem
1847 907 1935 969 clas·

1106 1045 1181 1087 sem
1207 1026 1386 1108 gymnasii
1414 1025 1697 1110 Salisburgensis
1725 1029 1933 1109 susciperet.

1105 1147 1213 1210 Anno
1240 1153 1331 1230 1807,
1352 1159 1435 1231 post
1457 1149 1652 1213 discessum
1676 1148 1936 1213 concionatoris

1106 1270 1300 1333 academici
1325 1280 1361 1333 et
1383 1271 1594 1352 professoris
1618 1273 1657 1336 P.
1674 1271 1829 1335 Romani
1849 1271 1936 1361 Zin-

1106 1392 1215 1473 gerle,
1238 1392 1298 1474 qui
1320 1392 1511 1474 episcopus
1532 1392 1779 1457 Seccoviensis
1801 1393 1935 1456 electus

1106 1512 1233 1595 fuerat,
1251 1514 1283 1576 ei
1299 1516 1565 1578 exhortationes
1577 1515 1765 1599 religiosae
1777 1534 1842 1596 pro
1855 1534 1936 1576 aca-

1108 1635 1253 1699 demicis
1269 1636 1455 1699 habendae
1473 1647 1582 1718 erant,
1600 1639 1712 1700 donec
1727 1639 1794 1700 hoc
1810 1657 1936 1699 munus

1107 1757 1142 1818 vi
1166 1757 1300 1820 decreti
1326 1757 1416 1840 regii
1443 1758 1637 1840 professori
1663 1758 1833 1822 scientiae
1857 1758 1937 1821 reli·

1107 1878 1226 1960 gionis
1245 1898 1310 1959 pro
1327 1888 1477 1962 utroque
1494 1900 1598 1943 cursu
1614 1881 1860 1962 philosophico
1876 1882 1937 1943 de-

1108 2002 1352 2064 mandabatur.
1385 2003 1491 2065 Anno
1523 2007 1604 2064 1810
1630 2003 1791 2066 ascendit
1818 2004 1937 2065 cathe-

1109 2123 1208 2185 dram
1227 2123 1379 2204 poeseos
1401 2125 1459 2187 vel
1479 2125 1614 2206 primae
1636 2126 1759 2187 classis
1778 2124 1937 2188 humani·

1109 2244 1202 2326 tatis,
1220 2265 1335 2327 quam,
1353 2266 1432 2308 cum
1444 2247 1668 2329 gymnasium
1684 2257 1797 2310 totum
1813 2266 1937 2310 secun-

1110 2369 1192 2430 dum
1223 2368 1381 2431 ordinem
1412 2369 1448 2431 in
1474 2369 1630 2432 Bavaria
1657 2379 1741 2432 tunc
1768 2369 1937 2451 temporis

1108 2491 1277 2553 usitatum
1301 2492 1347 2554 ad
1371 2492 1539 2555 amussim
1560 2492 1807 2574 instrueretur,
1831 2492 1938 2555 etiarn

1109 2613 1270 2676 obtinuit.
1293 2613 1401 2676 Anno
1422 2618 1500 2676 1815
1523 2614 1639 2676 11133113
1661 2624 1725 2696 est,
1749 2615 1784 2677 vi
1805 2614 1939 2678 decreti

1109 2733 1199 2815 regii
1211 2735 1378 2815 bavarici,
1390 2734 1468 2797 loco
1481 2735 1525 2799 D.
1536 2736 1647 2798 Iudae
1656 2736 1840 2799 Thaddaei
1853 2736 1939 2799 Zau·

1109 2875 1181 2936 ner,
1203 2855 1392 2918 consiliarii
1412 2855 1697 2940 Salisburgensis
1716 2858 1836 2939 aulici,
1859 2859 1940 2921 doc·

1110 2977 1195 3040 toris
1216 2986 1252 3039 et
1267 2977 1480 3058 professoris
1499 2999 1612 3060 nuper
1629 2979 1786 3042 defuncti
1803 2979 1939 3060 profes-

1111 3119 1226 3161 suram
1235 3099 1404 3162 historiae
1413 3100 1534 3162 mundi
1543 3100 1753 3162 universalis
1762 3101 1938 3183 supplere,

1112 3240 1254 3283 munere
1270 3240 1335 3282 suo
1350 3221 1468 3302 priore
1484 3231 1633 3285 retento.
1659 3223 1766 3284 Anno
1792 3225 1881 3303 1817,
1905 3222 1940 3283 vi

1112 3342 1387 3425 caesareo-regii
1408 3344 1542 3406 decreti
1568 3347 1609 3424 (3.
1626 3343 1743 3424 Febr.)
1768 3344 1800 3406 ei
1823 3343 1941 3426 provi-

1112 3463 1205 3527 sorio
1225 3465 1330 3527 modo
1353 3465 1612 3530 administratio
1635 3464 1882 3547 praefecturae
1906 3465 1941 3528 111

1112 3605 1141 3648 0.
1162 3605 1188 3649 1.
1212 3586 1399 3668 gymnasio
1426 3587 1556 3649 tradita
1582 3598 1646 3652 est.
1675 3587 1748 3651 Sed
1775 3608 1854 3650 cum
1881 3588 1941 3650 de·
2030 3632 2040 3653 .

1111 3705 1248 3769 finitivo
1268 3709 1374 3771 modo
1394 3709 1619 3791 gymnasium
1640 3710 1832 3772 secundum
1849 3710 1940 3773 ordi-

1112 3848 1191 3890 nem
1208 3830 1530 3913 caesareo-regium
1547 3830 1775 3894 Austriacum
1791 3831 1941 3893 instrue-

1111 3961 1218 4031 retur,
1234 3950 1474 4032 professuram
1490 3952 1633 4036 linguae
1646 3950 1807 4016 Graecae
1822 3972 1941 4015 susce-

1111 4073 1181 4155 pit;
1214 4074 1278 4136 sed
1303 4075 1369 4136 hac
1400 4074 1616 4157 conditione,
1645 4084 1684 4138 ut
1711 4075 1746 4137 in
1773 4076 1875 4158 lyceo
1903 4084 1942 4138 ut

1112 4204 1218 4258 antea
1233 4196 1492 4277 praelectiones
1505 4197 1692 4260 historicas
1709 4197 1941 4261 continuaret.

1113 4318 1283 4399 Tandem,
1307 4340 1337 4396 4.
1359 4318 1463 4382 Mart.
1493 4323 1588 4399 1819,
1612 4321 1775 4383 examine
1800 4321 1943 4403 publico

1113 4459 1177 4520 pro
1199 4440 1369 4502 cathedra
1390 4439 1559 4502 historiae
1580 4441 1789 4505 universalis
1810 4443 1943 4523 optime

1113 4682 1273 4764 favente,
1291 4684 1475 4765 gaudium,
1496 4692 1535 4746 ut
1558 4685 1652 4746 illam
1673 4683 1818 4747 definito
1839 4686 1944 4747 modo

1114 4805 1303 4885 acciperet.
1339 4804 1411 4868 Sed
1436 4805 1696 4887 praelectiones
1720 4806 1801 4869 illae
1827 4826 1944 4868 amoe-

1114 4946 1191 5007 nae,
1201 4925 1330 5008 quibus
1342 4936 1463 4989 noster
1474 4926 1781 5009 historiographus
1795 4927 1944 4989 clarissi-

1114 5068 1191 5110 mus
1218 5048 1399 5111 auditores
1427 5069 1510 5112 suos
1538 5051 1796 5131 delectaverat,
1823 5048 1945 5114 finien-

1115 5173 1182 5233 dae
1207 5181 1319 5253 erant,
1344 5192 1421 5235 cum
1447 5173 1697 5235 benevolentia
1722 5173 1945 5255 imperatoris

290 5288 375 5361 Filz
393 5299 750 5363 MichaelFidelis
768 5297 1034 5381 (Michaelbu-
1072 5282 1075 5339 l
1115 5291 1373 5357 Ferdinandil.
1395 5307 1431 5356 et
1455 5294 1707 5358 intercessione
1724 5296 1947 5359 reverendis·

206 5415 550 5502 ranus),Bava1us,
570 5418 731 5479 Passavii
752 5426 856 5480 natus
882 5438 928 5480 12.
945 5417 1034 5497 Apr.
1073 5368 1076 5496 1
1115 5415 1192 5478 simi
1203 5415 1374 5497 principis
1385 5427 1420 5479 et
1429 5416 1687 5498 archiepiscopi
1697 5415 1946 5501 Salisburgen-
