4252 6112
925 513 971 521 -
1029 491 1096 559 451

191 677 283 739 licet.
323 676 487 737 Annulus
514 673 671 755 ligneus,
700 675 846 756 globum
875 673 1022 735 circum·
1059 702 1062 777 ἰ

192 801 295 878 (lans,
320 798 379 878 qui
404 797 439 858 in
462 796 579 877 globis
601 797 788 859 venalibus
812 773 1022 878 plerumque
1060 782 1063 925 l
1107 799 1186 873 1859
1202 796 1322 873 die24.
1338 796 1400 858 lul.
1425 797 1548 858 Iussus
1564 799 1610 857 ab
1628 799 1759 860 abbate
1777 818 1841 860 suo
1858 808 1933 861 ten·

1102 673 1148 734 sit
1172 673 1441 754 professionem.
1468 673 1643 737 Sacerdos
1669 674 1852 738 ordinatus
1879 688 1934 738 est

193 921 375 982 zodiacum
391 928 648 999 repraesentat,
671 919 705 979 in
723 928 845 981 nostro
862 917 970 999 globo
987 916 1022 977 in
1103 917 1235 979 tamine
1252 937 1298 979 ex
1320 904 1486 980 universa
1509 920 1691 1001 theologia
1712 921 1820 983 subiit
1842 921 1935 1003 rigo-

193 1041 379 1102 (luodecim
402 1021 545 1101 diurnas
570 1049 606 1101 et
627 1049 818 1101 nocturnas
842 1040 947 1100 horas
972 1037 1023 1098 di·
1103 1058 1184 1101 rosa
1201 1059 1242 1101 ac
1259 1040 1361 1103 brevi
1378 1043 1585 1103 doctoratus
1601 1043 1722 1103 laurea
1735 1043 1861 1105 meruit
1874 1045 1935 1105 de-

192 1165 290 1225 visus
304 1163 459 1241 inservit,
473 1170 511 1223 ut
524 1163 628 1222 modo
639 1160 899 1241 simplicissimo
910 1179 1024 1240 aeque
1104 1161 1226 1222 corari.
1252 1161 1502 1241 Cooperatoris
1519 1163 1599 1224 dein
1614 1162 1805 1244 parochiae
1817 1165 1933 1227 Metli-

193 1307 234 1346 ac
252 1283 537 1365 ingeniosissimo
551 1282 644 1344 illico
659 1281 885 1344 determinari
898 1280 1023 1361 possit,
1104 1282 1268 1344 tianensis
1290 1282 1444 1364 fungens
1466 1283 1584 1346 officio
1608 1286 1654 1346 ad
1680 1287 1875 1348 docendam
1901 1288 1936 1349 in

194 1426 298 1486 quam
316 1405 386 1466 diei
403 1404 588 1484 noctisque
600 1403 721 1464 horam
739 1404 839 1464 locus
855 1401 890 1463 in
907 1413 1024 1462 terrae
1062 1454 1064 1473 ,
1104 1403 1265 1465 instituto
1304 1405 1517 1467 dioecesano
1555 1406 1935 1488 Reginaehradecensi

194 1526 380 1608 superficie
407 1528 452 1587 ad
477 1525 615 1587 libitum
637 1524 860 1586 desideratus
881 1524 1023 1602 habeat,
1104 1524 1321 1606 theologiam
1339 1514 1554 1605 pastoralem
1576 1547 1727 1590 necnon
1751 1537 1787 1590 et
1810 1527 1936 1590 funda-

193 1651 238 1712 ad
256 1650 350 1729 quod
367 1647 549 1729 negotium
571 1647 607 1707 id
625 1647 737 1707 solum
759 1645 964 1725 requiritur,
986 1652 1025 1705 ut
1062 1636 1065 1675 ¹
1104 1647 1294 1708 mentalem
1312 1656 1461 1709 vocatus
1478 1668 1547 1711 non
1563 1648 1669 1731 longe
1683 1659 1765 1729 post
1782 1649 1935 1732 dignita-

194 1771 268 1832 eius
290 1771 357 1832 loci
379 1769 565 1850 longitudo
588 1767 831 1849 geographica
856 1768 891 1828 in
916 1767 1024 1847 globo

193 1896 343 1974 legatur.
368 1892 463 1953 Viris
480 1892 530 1952 rei
546 1891 677 1972 gnariS,
700 1890 798 1972 globi
821 1888 931 1951 nostri
954 1907 1024 1949 me-

194 2015 412 2077 chanismum
438 2013 764 2091 considerantibus,
789 2008 1024 2092 proculdubio

194 2137 350 2218 patebit,
379 2137 601 2196 sacerdotem
629 2143 787 2195 nostrum
814 2130 1025 2213 ingeniosis-

194 2260 280 2320 sime
313 2256 490 2318 invenisse
518 2265 626 2336 atque
655 2254 897 2317 construxisse
925 2271 1024 2332 opuS,

194 2382 289 2441 nullo
299 2399 453 2459 unquam
464 2397 571 2458 opere
581 2377 684 2438 simili
697 2385 912 2456 superatum.
921 2373 1025 2454 Quod

195 2503 223 2563 si
241 2500 444 2562 inveniendi
462 2499 612 2560 indolem
630 2497 845 2577 manifestat,
862 2495 1024 2576 profecto

194 2625 305 2684 altera
323 2631 486 2702 exparte
503 2621 646 2683 tabulae
663 2618 927 2701 geographicae
949 2615 1025 2678 dili-

194 2744 402 2823 gentissime
433 2763 474 2803 ac
507 2741 774 2823 elegantissime
810 2739 1024 2820 descriptae,

196 2867 280 2928 nihil
298 2885 428 2944 eorum,
440 2883 531 2944 quae
545 2863 735 2924 novissime
750 2864 915 2924 detectae
932 2869 1024 2938 sunt,

194 2988 436 3069 negligentes,
463 3006 532 3047 non
556 2985 671 3047 minus
699 2984 900 3046 indefessae
924 2983 1024 3045 indu-

194 3110 319 3190 striae,
348 3129 453 3190 quam
485 3107 687 3169 inveniendi
718 3105 863 3168 artificis
889 3105 1023 3187 ingenii

194 3231 435 3294 testimonium
457 3230 641 3310 praebent.
666 3229 758 3290 Tota
781 3227 879 3309 globi
901 3245 1023 3308 super-

194 3354 291 3416 ficies
309 3351 471 3415 consistit
487 3372 549 3428 290
561 3349 692 3411 tabulis
704 3348 956 3430 geographicis
972 3349 1022 3410 in-

193 3490 247 3537 ter
268 3496 306 3536 se
328 3472 581 3554 conglutinatis
604 3481 639 3532 et
660 3472 759 3533 Iacca
780 3470 954 3552 obductis,
979 3489 1023 3531 ne

193 3598 284 3658 airis
302 3595 510 3674 intemperie
524 3592 618 3654 laedi
635 3613 787 3673 unquam
800 3593 948 3672 possint.
972 3591 1023 3654 Ut

194 3718 346 3798 <lenique
361 3716 533 3797 quidquid
547 3714 823 3776 mechanismum
840 3725 876 3776 et
893 3714 1022 3777 iustum

193 3840 290 3922 globi
308 3848 439 3900 motum
455 3839 600 3899 turbare
614 3837 737 3918 possit,
754 3846 1024 3917 praecaveatur,

194 3963 322 4041 globus
351 3960 480 4021 circum
504 3959 670 4020 annulum
695 3958 851 4039 ligneum
879 3956 1024 4019 clathris

195 4080 384 4143 artificiose
402 4079 574 4141 confectis
591 4080 784 4142 instructus
801 4089 865 4142 est.

283 4203 361 4264 Hac
378 4202 515 4263 ratione
532 4213 615 4282 post
636 4182 671 4263 ri
689 4222 859 4264 annorum
876 4213 1025 4263 conatus

194 4338 301 4407 atque
313 4327 454 4388 labores
468 4345 557 4405 opus
573 4323 860 4406 ,monachicum“
873 4323 1026 4385 feliciter

195 4448 394 4509 confectum
426 4446 667 4508 iudicantibus
695 4445 880 4527 quibusvis
907 4465 1022 4507 rerum

197 4570 317 4649 gnaris
341 4569 375 4630 in
400 4569 617 4631 bibliotheca
642 4567 896 4649 Raigradiensi
923 4587 1024 4648 spec-

194 4691 340 4751 tandum
365 4690 587 4770 proponitur,
613 4690 708 4770 quod
733 4707 836 4750 nemo
859 4698 1024 4768 spectan-

194 4811 280 4872 tium
298 4811 373 4871 sine
391 4809 681 4890 comprobatione
698 4808 884 4889 relinquet.

281 4923 438 4998 Smollk
471 4936 690 5016 Rupertus
723 4935 1025 5016 (Blevnoveno

196 5051 478 5131 Braunensis),
504 5061 609 5114 natus
634 5051 776 5132 Pragae
800 5050 888 5114 Boh.
913 5050 970 5112 die
995 5054 1023 5112 5.

196 5173 274 5236 Oct.
297 5177 386 5235 1832.
413 5172 598 5254 Gymnasii
620 5172 747 5234 studiis
763 5173 905 5254 Pragae
920 5174 1024 5234 abso·

194 5295 277 5356 lutis
293 5295 453 5357 habitum
471 5294 744 5357 Benedictinum
760 5293 953 5356 Brevnovii
974 5291 1024 5354 in-

195 5417 271 5479 ‹luit
291 5421 382 5496 1854,
399 5417 518 5497 ibique
533 5422 561 5479 0.
576 5415 675 5498 Sept.
695 5420 773 5495 1857
789 5434 925 5479 sacram
939 5415 1023 5477 emi·

1104 1778 1175 1828 tem
1198 1778 1234 1828 et
1254 1768 1399 1850 negotia
1423 1770 1611 1831 consiliarii
1637 1770 1837 1833 consistorii
1861 1772 1935 1852 epi-

1106 1888 1261 1968 scopalis
1283 1889 1435 1951 obtinuit
1452 1893 1627 1954 obeunda.
1652 1892 1758 1953 Anno
1786 1896 1864 1970 1875
1890 1894 1935 1954 ad

1106 2010 1312 2073 cathedram
1339 2013 1541 2093 theologiae
1565 2013 1755 2095 pastoralis
1783 2013 1817 2075 in
1842 2014 1935 2077 univ.

1105 2133 1270 2214 Pragena
1299 2133 1334 2196 in
1363 2133 1529 2196 idiomate
1555 2135 1722 2197 Bohemis
1745 2138 1935 2221 vernaculo

1106 2254 1288 2316 docendae
1305 2257 1500 2317 translatus
1517 2276 1660 2318 munere
1678 2257 1803 2319 decani
1823 2257 1934 2319 facul-

1107 2375 1190 2437 tatis
1207 2376 1410 2458 theologiae
1427 2378 1554 2440 iterato
1571 2379 1641 2440 iam
1657 2379 1799 2442 functus
1816 2390 1880 2443 est.

1194 2497 1360 2579 Scripsit:

1196 2638 1220 2679 1.
1230 2624 1371 2680 Rukovet
1380 2644 1436 2699 pro
1446 2626 1645 2700 zpouedniky.
1656 2623 1684 2702 (i.
1693 2645 1718 2682 e.
1729 2628 1936 2684 Institutiones

1105 2724 1382 2803 confessariorum.)
1399 2728 1465 2783 Vol.
1489 2743 1513 2783 1.
1532 2728 1573 2785 8⁰.
1592 2744 1653 2801 290
1666 2748 1695 2805 p.
1713 2730 1839 2804 Pragae,
1854 2733 1934 2805 typis

1105 2831 1266 2887 Bellmann.
1289 2829 1381 2888 1868.
1529 2830 1533 2837 ’

1192 2937 1227 2990 ΙΙ.
1256 2935 1361 2991 Plures
1386 2938 1579 2991 recensiones
1607 2937 1768 2992 litterarias
1798 2951 1828 2993 et
1856 2956 1931 2992 non-

1104 3038 1202 3094 nullos
1227 3053 1372 3097 tractatus
1396 3058 1456 3094 rem
1480 3039 1656 3095 catholicam
1673 3053 1857 3118 spectantes,
1881 3043 1933 3115 qui

1104 3142 1251 3198 habentur
1269 3145 1297 3197 in
1313 3128 1461 3218 ,Casopis
1475 3144 1668 3200 katolickehu
1682 3143 1930 3200 duchoveustva“

1104 3244 1242 3325 (Pragae,
1260 3249 1339 3322 typis
1357 3244 1524 3324 Rohlieek),
1547 3262 1576 3303 et
1598 3248 1719 3322 quidem
1736 3267 1815 3304 anuo
1837 3248 1933 3321 1874:

1103 3351 1245 3407 Cirkeuni
1262 3351 1359 3406 umeni
1375 3369 1413 3406 na
1429 3353 1555 3426 vy'stavt
1574 3352 1713 3418 svetove;
1738 3370 1817 3408 anno
1838 3353 1932 3426 1877:

1103 3453 1232 3510 Sveceni
1247 3455 1337 3528 vody,
1355 3469 1384 3511 et
1398 3456 1504 3511 eodem
1522 3473 1615 3513 anno:
1633 3456 1830 3513 Budoucnost
1845 3456 1934 3511 kato-

1103 3559 1219 3634 lickych
1237 3559 1364 3615 herodii.

1190 3704 1350 3779 Socher
1389 3716 1597 3800 Georgius
1637 3718 1935 3799 (Lunaelacen-

1103 3831 1183 3914 sis).
1219 3835 1254 3895 A
1281 3832 1562 3897 Strasswalchen
1594 3836 1628 3897 in
1660 3837 1791 3898 ducatu
1822 3834 1931 3900 Salis-

1103 3955 1273 4035 burgensi
1290 3955 1347 4016 die
1361 3961 1390 4017 6.
1406 3957 1499 4038 Aug.
1520 3977 1596 4036 1747
1612 3969 1726 4040 natuS,
1743 3959 1881 4022 emissis
1897 3960 1933 4021 in

1104 4077 1318 4138 monasterio
1335 4077 1592 4140 Lunaelacensi
1608 4080 1665 4142 die
1682 4085 1732 4143 28.
1751 4080 1830 4145 Oct.
1852 4085 1931 4160 1765

1104 4197 1196 4260 votis
1217 4198 1447 4260 sollemnibus
1467 4219 1560 4261 anno
1581 4205 1661 4280 1769
1678 4202 1860 4263 ordinatus
1877 4213 1933 4265 est

1104 4322 1279 4382 sacerdos
1305 4321 1364 4382 Ab
1388 4340 1581 4400 ann01774
1604 4342 1716 4403 usque
1737 4325 1782 4385 ad
1803 4343 1933 4386 annum

1108 4446 1187 4520 1775
1212 4443 1246 4503 in
1270 4441 1364 4505 univ.
1387 4440 1651 4525 Salisburgensi
1671 4443 1932 4525 philosophiam

1104 4561 1335 4624 theoreticam
1348 4563 1478 4642 docuit,
1495 4564 1600 4625 rediit
1612 4583 1703 4624 anno
1721 4562 1932 4625 scholastico

1108 4688 1188 4762 1776
1224 4693 1377 4746 exeunte
1413 4684 1448 4745 in
1479 4683 1729 4746 monasterium
1760 4683 1933 4745 Lunaela-

1105 4823 1221 4884 cense,
1244 4824 1313 4884 quo
1335 4803 1494 4869 extincto
1515 4805 1561 4864 ab
1578 4822 1670 4865 anno
1691 4823 1767 4881 1791
1788 4823 1932 4865 munere

1103 4925 1297 5007 parochiali
1325 4923 1360 4986 in
1388 4922 1670 4986 Strasswalchen
1697 4933 1753 4986 est
1779 4923 1931 4988 functus.

1104 5046 1203 5110 Obiit
1219 5047 1253 5108 in
1270 5046 1394 5106 eodem
1418 5045 1496 5106 loco
1519 5045 1576 5106 die
1598 5050 1647 5107 26.
1664 5044 1754 5107 Nov.
1776 5048 1865 5122 1807.

1190 5166 1356 5247 Scripsit:

1190 5314 1212 5368 l.
1233 5312 1405 5368 Positiones
1422 5329 1458 5365 ex
1475 5310 1701 5385 prolegomenis
1721 5309 1932 5385 philosophiae

1104 5430 1134 5472 et
1150 5413 1386 5472 institutionibus
1403 5413 1520 5487 logicis.
1537 5411 1718 5488 Salisburgi‚
1740 5427 1829 5487 1775.
1848 5418 1890 5485 4⁰.

1673 5514 1725 5576 57·
