4252 6112
920 492 1201 561 ,4,-

277 687 343 741 ΧΧ.
368 685 504 741 Historia
525 684 638 740 ordinis
659 703 683 739 s.
700 684 733 739 P.
750 682 902 739 Benedicti
923 684 953 737 in
969 683 1022 736 im-

191 783 1023 868 perioAustriaco·Hungarico.(Introductioin,Scrip-

191 909 275 952 tores
295 894 408 951 ordinis
432 913 456 950 s.
477 893 510 948 P.
528 892 699 948 Benedicti“
723 893 752 946 in
773 890 879 947 eodem
896 890 1022 965 imperio

192 1000 339 1075 degentes
355 995 520 1076 historica.)

479 1165 740 1246 Manuscripta:

279 1332 359 1387 XXI.
396 1331 537 1403 Beitrage
572 1348 607 1384 zu
639 1330 721 1384 einer
752 1326 936 1384 Geschichte
971 1325 1025 1381 der

194 1434 458 1493 Hussiteneinfalle
480 1437 509 1490 in
529 1432 819 1489 Niederdsterreich.
843 1428 872 1508 (i.
894 1450 920 1487 e.
942 1432 1023 1487 Non·

194 1540 273 1597 nulla
295 1539 332 1597 ad
348 1540 502 1595 historiam
520 1538 710 1593 Hussitarum
730 1539 760 1592 iu
776 1535 928 1592 Austriam
950 1533 995 1590 inf
1011 1565 1024 1577 ·

193 1647 302 1702 riorem
321 1642 519 1699 invadentium
536 1637 713 1718 attinentia.)

279 1748 376 1803 XXII.
391 1746 628 1822 Diplomatische
641 1746 795 1818 Regesten
808 1742 883 1801 iiber
896 1743 949 1800 das
962 1742 1024 1799 Ge·

194 1852 329 1910 schlecht
345 1851 399 1907 der
415 1851 534 1907 Herren
550 1868 610 1905 ron
626 1851 768 1905 Meissau.
792 1845 821 1926 (i.
844 1867 870 1904 e.
891 1849 1026 1922 Regesta

194 1956 386 2032 diplomatica
410 1954 448 2010 ad
471 1967 591 2028 gentem
619 1954 806 2010 dominorum
831 1954 868 2009 de
892 1955 1024 2009 Meissau

195 2056 385 2137 spectantia.)

280 2165 392 2220 XXIII.
411 2164 467 2219 Die
484 2164 602 2218 Herren
618 2181 678 2218 von
694 2160 867 2218 Pilichdorf.
885 2157 914 2240 (i.
928 2180 954 2217 e.
972 2163 1026 2217 Hi·

195 2271 290 2326 storia
305 2270 404 2342 gentis
421 2266 608 2323 dominorum
620 2267 657 2322 de
674 2262 857 2343 Pilichdorf.)

281 2373 391 2428 XXIV.
425 2371 663 2446 Diplomatische
691 2370 844 2444 Regesten
871 2367 946 2425 iiber
972 2369 1026 2424 das

196 2476 379 2535 Geschlecht
396 2475 449 2532 der
466 2475 583 2531 Herren
599 2494 659 2531 von
675 2473 854 2531 Ebersdorf.
876 2471 904 2552 (i.
923 2493 948 2530 e.
967 2474 1027 2531 Re·

194 2576 1026 2657 gestadiplomaticaadgentemdominorumdeEbers·

194 2685 266 2742 dorf
279 2681 470 2762 spectantia.)

281 2789 375 2845 XXV.
393 2788 577 2845 Geschichte
592 2806 654 2844 von
670 2787 812 2844 Garsten.
829 2784 859 2867 (i.
877 2807 903 2844 e.
920 2789 1026 2844 Histo·
1066 2801 1069 2869 4

195 2897 240 2951 116
256 2895 429 2950 monasterii
447 2910 475 2948 0.
493 2911 517 2948 s.
535 2893 567 2947 B.
585 2890 782 2970 Garstensis.)

281 2998 390 3055 XXVI.
420 2996 659 3072 Diplomatische
685 2997 839 3070 Regesten
871 2994 946 3052 liber
973 2996 1027 3053 das

109 3083 112 3089 ’
195 3102 380 3161 Geschlecht
396 3100 450 3157 der
465 3101 584 3156 Herren
601 3118 660 3156 von
676 3100 862 3156 Pottendorf.
880 3097 909 3178 (i.
923 3119 949 3157 e.
967 3101 1026 3158 Re·

194 3221 283 3284 gesta
295 3207 488 3282 diplomatica
503 3205 541 3260 ad
559 3205 696 3261 dominos
713 3204 751 3260 de
763 3204 944 3262 Pottendorf
957 3224 1026 3282 spe·

195 3309 327 3391 etantia.)

281 3475 389 3548 Fritz
406 3482 1025 3569 Franciscus(San-Blasianus,

194 3616 345 3689 postea
376 3602 731 3683 San-Paulanus),
768 3612 872 3665 natus
904 3613 959 3665 est
991 3602 1026 3664 in

196 3726 466 3792 Grafenhausen
489 3726 526 3788 in
553 3745 684 3807 magno
712 3726 844 3787 ducatu
869 3725 1026 3788 Badensi

195 3851 252 3914 die
270 3870 320 3913 20.
336 3850 426 3913 Nov.
448 3852 542 3928 1786;
560 3869 586 3911 S.
599 3847 724 3909 habitu
737 3847 881 3910 indutus
893 3847 930 3910 in
943 3848 1025 3910 divo

195 3972 317 4035 Blasio
342 3972 399 4033 die
421 3975 449 4035 8.
466 3971 556 4033 Nov.
584 3975 678 4043 1803;
705 3970 922 4033 sollemniter
945 3991 1025 4052 pro-

194 4094 312 4157 fessus
333 4093 368 4154 in
392 4093 474 4154 divo
499 4091 620 4153 Blasio
646 4091 704 4154 die
729 4111 779 4153 20.
804 4090 903 4172 Sept.
930 4097 1023 4171 1807;

1102 674 1225 757 gantia
1251 672 1426 735 sermonis
1449 671 1577 752 Latini,
1606 670 1769 732 claritate
1794 669 1936 749 exposi-

1102 797 1223 878 tionis,
1249 795 1343 858 iusta
1366 814 1482 857 rerum
1504 803 1540 856 et
1560 801 1850 874 argumentorum
1867 791 1937 852 dis-

1102 918 1280 1001 positione
1301 917 1483 979 auditores
1500 914 1681 978 alliciebat
1699 924 1735 976 et
1749 914 1936 975 convince-

1102 1041 1329 1104 bat.Praeter
1338 1040 1464 1133 doctas
1472 1037 1807 1120 praelectionesper
1815 1037 1936 1118 plures

1103 1181 1215 1224 annos
1231 1161 1394 1224 omnibus
1410 1160 1614 1242 theologiae
1631 1159 1782 1221 alumnis
1803 1178 1830 1222 5.
1851 1158 1937 1221 scri-

1103 1294 1243 1367 pturam
1252 1285 1298 1347 ad
1308 1303 1393 1345 usus
1402 1283 1580 1364 practicos
1589 1283 1809 1365 explicabat;
1824 1291 1860 1343 et
1871 1302 1937 1364 per

1103 1408 1223 1488 plures
1238 1426 1350 1469 annos
1363 1406 1470 1469 etiam
1483 1405 1637 1467 director
1651 1403 1845 1485 spiritualis
1859 1414 1936 1465 erat

1103 1529 1251 1591 fratrum
1268 1528 1485 1610 clericorum,
1507 1527 1543 1589 in
1560 1526 1687 1608 spiritu
1704 1548 1730 1589 s.
1748 1525 1938 1588 Benedicti

1105 1671 1166 1713 eos
1183 1651 1351 1714 educans.
1376 1651 1436 1711 Ab
1453 1669 1546 1712 anno
1568 1653 1647 1711 1830
1665 1669 1777 1730 usque
1795 1647 1939 1727 183451-

1103 1774 1176 1835 mul
1192 1772 1300 1835 studii
1316 1771 1509 1854 theologici
1533 1772 1687 1834 director
1706 1770 1849 1833 functus
1872 1781 1937 1833 est.

1104 1894 1210 1957 Anno
1235 1899 1312 1974 1837
1338 1916 1360 1957 a
1384 1894 1554 1956 cathedra
1577 1894 1781 1976 theologica
1808 1913 1938 1955 avoca-

1106 2029 1174 2099 tus,
1191 2017 1454 2100 praefecturam
1470 2016 1649 2099 gymnasii
1666 2015 1939 2098 Clagenfurten·

1106 2140 1155 2203 sis
1171 2140 1330 2223 suscepit
1347 2151 1382 2202 61
1398 2142 1545 2203 tenebat
1562 2160 1674 2220 usque
1695 2144 1785 2221 1848,
1804 2139 1848 2201 de
1865 2140 1939 2201 cul-

1065 2272 1068 2333 i
1105 2274 1186 2326 tura
1209 2263 1448 2327 studiosorum
1472 2262 1507 2325 in
1533 2263 1691 2325 scientiis
1719 2272 1754 2325 et
1781 2262 1939 2324 moribus

1106 2386 1202 2448 vitae
1218 2385 1352 2468 optime
1368 2405 1518 2447 merens.
1543 2386 1612 2447 Tot
1636 2394 1672 2448 et
1695 2385 1804 2446 tantis
1824 2384 1861 2446 in
1881 2404 1939 2446 ec·

1107 2508 1251 2570 clesiam
1280 2518 1316 2570 et
1342 2507 1524 2571 civitatem
1548 2507 1682 2569 meritis
1706 2506 1867 2588 insigniS,
1891 2508 1938 2568 ab

1107 2631 1322 2712 imperatore
1361 2630 1589 2692 Ferdinando
1631 2640 1773 2691 moneta
1814 2628 1938 2691 maiori

1107 2773 1214 2815 aurea
1230 2773 1310 2815 cum
1326 2752 1439 2815 fascia
1455 2772 1520 2834 pro
1533 2752 1667 2814 meritis
1681 2753 1870 2813 decoratus
1883 2762 1939 2812 est

1107 2895 1199 2938 anno
1217 2879 1307 2953 1844.
1325 2873 1517 2939 Societatis
1530 2874 1720 2937 historicae
1734 2872 1937 2936 Carinthiae

1107 3017 1199 3060 anno
1214 3002 1292 3075 1843
1302 2996 1473 3059 fundatae
1483 2997 1759 3078 proto-director
1767 3004 1843 3057 erat
1856 3014 1939 3056 con-

1107 3121 1262 3200 stitutus,
1279 3140 1300 3180 a
1317 3139 1386 3200 quo
1398 3120 1479 3181 loco
1492 3129 1620 3200 sponte
1633 3118 1806 3181 recedens
1819 3137 1939 3179 mane-

1065 3224 1068 3329 Ι
1106 3244 1169 3304 bat
1185 3241 1368 3304 societatis
1389 3242 1522 3303 sodalis
1543 3251 1579 3304 et
1600 3241 1762 3302 delectus
1783 3240 1829 3300 ad
1851 3239 1938 3300 deli-

1106 3365 1317 3435 berandum:
1346 3366 1392 3426 ab
1420 3384 1512 3426 anno
1541 3368 1622 3442 1844
1650 3363 1756 3426 etiam
1785 3362 1938 3444 collegio

1107 3485 1392 3568 Clagenfurtensi
1419 3485 1581 3567 superior
1607 3494 1783 3566 praeerat.
1814 3483 1940 3545 Multis

1105 3608 1203 3670 hisce
1219 3607 1374 3689 negotiis
1396 3615 1602 3687 occupatus,
1627 3626 1719 3668 anno
1748 3610 1826 3682 1848
1852 3624 1939 3685 apo-

1106 3729 1226 3813 plexia
1251 3729 1342 3792 ictus
1370 3730 1563 3811 collapsus,
1594 3731 1726 3792 lentam
1757 3728 1939 3790 sustinens

1106 3853 1265 3933 corporis
1273 3852 1535 3933 resolutionem,
1546 3853 1603 3914 die
1618 3856 1664 3913 18.
1674 3850 1774 3932 Sept.
1788 3854 1868 3928 1849
1878 3847 1938 3930 pie

1105 3986 1140 4037 et
1156 3974 1298 4056 placide
1314 3975 1349 4036 in
1366 3974 1518 4036 Domino
1531 3974 1754 4036 obdormivit.
1780 3972 1867 4034 Erat
1882 3971 1940 4033 vir

1105 4097 1299 4160 acutissimi
1312 4097 1454 4179 ingenii,
1466 4096 1652 4178 multiplici
1665 4095 1863 4158 eruditione
1876 4114 1940 4156 ex-

195 4216 363 4279 sacerdos
380 4214 563 4277 ordinatus
581 4216 626 4275 ab
643 4213 812 4295 episcopo
825 4214 1024 4276 Lavantino
1064 4234 1067 4309 4
1106 4220 1231 4300 61111115,
1247 4219 1388 4301 linguas
1404 4219 1583 4300 classicae,
1605 4219 1806 4297 orientales,
1829 4214 1940 4278 Galli·

195 4339 252 4402 die
269 4344 298 4402 3.
316 4336 416 4419 Sept.
440 4340 529 4417 1809.
549 4334 723 4399 Omnibus
739 4335 936 4398 litterarum
953 4346 1025 4398 stu·
1064 4322 1067 4413 1
1106 4361 1183 4404 cam
1208 4350 1244 4403 et
1264 4341 1425 4403 Italicam
1447 4343 1539 4402 bene
1563 4342 1700 4419 doctus,
1725 4339 1841 4401 animo
1866 4338 1939 4399 Na-

195 4461 263 4524 diis
279 4462 315 4524 in
332 4460 415 4523 divo
432 4459 554 4522 Blasio
571 4459 755 4539 absolutiS,
778 4478 871 4521 anno
893 4462 973 4521 1808
990 4459 1025 4520 in
1064 4417 1067 4570 Ξ
1104 4464 1258 4545 thanael,
1275 4463 1434 4526 sincerus
1451 4482 1477 4526 s.
1495 4463 1683 4525 Benedicti
1699 4462 1801 4543 filius,
1819 4480 1937 4523 sacer·

193 4585 289 4649 univ.
299 4584 453 4646 Vindob.
471 4583 701 4664 praecipuam
719 4601 864 4664 operam
880 4581 1027 4665 insuper

193 4707 340 4771 navavit
350 4727 377 4770 5.
388 4705 586 4787 scripturae
598 4715 634 4768 et
643 4705 774 4787 linguis
783 4703 1025 4784 orientalibus

193 4841 230 4894 et
246 4848 338 4892 anno
359 4832 440 4890 1810
460 4827 495 4889 in
516 4828 619 4910 lyceo
636 4826 923 4909 Clagenfurtensi
945 4845 1026 4907 pro-

192 4950 308 5015 fessor
321 4948 537 5013 constitutus
554 4957 608 5011 est
625 4949 732 5011 studii
745 4948 865 5011 biblici
879 4948 923 5011 V.
933 4948 972 5010 F.
990 4957 1026 5011 et

192 5074 393 5156 linguarum
416 5072 650 5153 orientalium,
673 5071 834 5153 pluribus
855 5071 957 5133 annis
981 5071 1025 5132 si-

194 5196 266 5256 mul
280 5195 388 5257 studii
404 5194 528 5258 biblici
542 5195 586 5258 N.
598 5195 637 5257 F.
654 5194 695 5257 In
711 5195 834 5277 lingua
846 5193 974 5256 Latina
990 5204 1026 5255 61

194 5313 333 5378 Graeca
348 5317 483 5397 optime
499 5327 674 5398 versatus,
695 5315 934 5398 professorem
952 5315 1026 5377 exi-

1106 4587 1171 4648 dos
1194 4584 1440 4658 intemeratum
1469 4586 1622 4647 omniurn
1650 4604 1749 4646 amor
1774 4584 1939 4645 laborum

1107 4708 1182 4770 eius
1199 4719 1380 4790 quaestus.

1193 4876 1322 4955 Scripsit
1345 4878 1484 4935 latiorem
1508 4878 1710 4933 narrationem
1733 4877 1813 4932 vitae
1834 4875 1935 4930 Trud-

1106 4987 1184 5061 perti
1207 4985 1343 5059 Neugart
1366 4980 1562 5061 (Benedictini
1583 4981 1805 5048 San-Blasiani‚
1828 4993 1939 5055 postea

1105 5086 1317 5167 San-Paulam)
1345 5089 1425 5163 typis
1452 5090 1628 5162 impressam
1657 5089 1703 5142 in:
1732 5082 1938 5141 Xaltenbacks

1106 5193 1403 5250 Oesterreichischer
1419 5191 1590 5248 Zeitschrift
1612 5190 1659 5246 fiir
1674 5190 1857 5247 Geschichte
1878 5188 1938 5244 und

1105 5295 1320 5365 Staatskunde‚
1342 5293 1432 5367 1836.
1449 5297 1505 5352 No.
1524 5311 1573 5352 22.
1591 5315 1658 5370 sqq.

192 5437 301 5500 mium
317 5437 404 5519 egit,
421 5439 598 5501 suavitate
615 5438 696 5520 0115,
713 5437 886 5501 facilitate
903 5447 939 5499 et
955 5438 1026 5500 ele·
1064 5396 1067 5495 i
1191 5436 1277 5493 Alius
1293 5436 1370 5493 falso
1386 5455 1420 5493 se
1436 5449 1592 5494 auctorem
1608 5433 1798 5510 subscripsit.
