4222 6106
974 506 1016 515 —
1063 468 1183 531 XLVI
1227 505 1270 515 —

385 693 472 756 Cum
495 693 605 775 igitur
627 693 662 755 in
678 693 851 755 Bohemia
875 695 1050 774 quaedam
1073 693 1206 755 ordinis
1230 693 1400 773 reliquiae
1423 703 1612 775 restarent,
1636 692 1824 756 infinibus
1850 694 1990 775 imperii
2025 771 2030 783 Ι

252 832 452 914 Hungarici
475 833 562 894 ordo
587 833 631 895 ad
655 841 795 913 tempus
819 803 962 913 penitus
986 833 1184 895 exstinctus
1209 840 1273 895 est.
1320 831 1561 913 Benedictini,
1586 834 1749 913 quamvis
1771 833 1877 896 bellis
1900 833 1990 895 Tur·

250 955 339 1034 cicis
362 990 492 1053 magno
516 990 623 1052 opere
646 971 815 1034 labefacti
839 981 968 1050 essent,
992 981 1112 1032 tamen
1128 970 1274 1033 abbatia
1290 970 1424 1032 Montis
1440 970 1647 1033 Pannoniae
1674 970 1852 1033 ducciam
1868 988 1990 1033 mona-

254 1109 399 1172 sterium
414 1109 667 1192 Tymaviense,
683 1109 885 1190 Modrense,
903 1108 1189 1171 Comaromiense
1205 1108 1393 1171 restituere
1410 1117 1613 1190 coeperant,
1639 1129 1718 1170 cum
1735 1119 1897 1171 extremo
1920 1110 1989 1172 hoc

254 1250 397 1311 saeculo
420 1250 544 1310 horum
569 1257 759 1311 conatuum
781 1247 861 1310 finis
885 1258 940 1310 est
963 1247 1091 1311 factus

382 1386 578 1467 Postquam
600 1387 671 1448 iam
699 1390 776 1465 1782
802 1395 887 1449 vota
910 1385 1094 1448 sollemnia
1123 1384 1199 1447 fieri
1228 1395 1265 1446 et
1293 1389 1371 1463 1783
1399 1384 1599 1447 novitiosos
1624 1384 1743 1467 excipi
1771 1384 1990 1467 prohibitum

253 1533 317 1606 est,
345 1528 424 1603 1786
448 1525 703 1605 archiabbatia,
726 1524 831 1587 Mons
854 1524 1070 1606 Pannoniae,
1094 1526 1269 1604 obpressa
1292 1532 1348 1586 est
1371 1533 1407 1585 et
1430 1542 1512 1586 cum
1535 1542 1579 1585 ea
1601 1523 1769 1587 abbatiae
1785 1542 1812 1587 s.
1830 1522 1989 1586 Mauritii

252 1662 375 1743 Beelii,
398 1665 432 1727 b.
456 1663 594 1726 Mariae
616 1662 808 1743 Diimiilkii,
833 1682 860 1725 s.
884 1662 1017 1725 Aniani
1041 1664 1085 1724 de
1109 1662 1233 1744 Tihan,
1257 1681 1284 1725 S.
1309 1661 1460 1724 Adriani
1491 1672 1528 1724 et
1555 1662 1771 1725 monasteria
1793 1664 1827 1725 b.
1851 1662 1989 1725 Mariae

250 1800 452 1882 Deakense,
469 1801 724 1883 Tymaviense,
741 1801 943 1881 Modrense,
960 1800 1296 1883 Comaromiense1).
1338 1799 1442 1864 Szala
1459 1809 1495 1863 et
1511 1800 1676 1863 Telkium
1694 1801 1863 1864 abbatiae
1880 1803 1989 1884 solae,

252 1959 330 2002 cum
353 1939 568 2003 monasterio
586 1939 810 2003 Gottvicensi
834 1950 870 2002 et
886 1939 1029 2004 Scotico
1052 1940 1215 2002 adiectae
1240 1948 1370 2021 essent,
1394 1948 1594 2021 temporum
1611 1938 1756 2001 iniurias
1775 1937 1988 2022 effugerunt.

252 2076 338 2140 Cum
361 2078 535 2159 Iosephus
558 2078 602 2142 ΙΙ.
638 2096 719 2156 1700
748 2078 916 2162 mortuus}
939 2087 1053 2159 esset,
1085 2087 1122 2140 et
1145 2078 1349 2159 Leopoldus
1372 2077 1416 2139 ΙΙ.
1448 2076 1563 2140 frater
1587 2078 1633 2139 ad
1656 2077 1843 2158 imperium
1868 2097 1989 2140 acces·

252 2214 375 2296 sisset,
408 2214 622 2278 monasteria
653 2215 796 2297 quidem
827 2216 962 2279 aboleri
993 2215 1109 2278 desita
1139 2225 1238 2287 sunt;
1270 2234 1387 2296 neque
1416 2224 1537 2277 tamen
1561 2216 1758 2297 abrogatae
1781 2225 1864 2277 sunt
1887 2216 1989 2298 leges

251 2371 398 2416 severae
423 2362 547 2416 contra
570 2373 612 2415 ea
636 2354 740 2416 latae.
785 2354 946 2416 Tandem
975 2373 1032 2415 res
1063 2353 1098 2415 in
1127 2353 1311 2416 laetiorem
1341 2362 1474 2416 statum
1502 2363 1639 2416 mutata
1670 2361 1741 2436 est,
1774 2373 1853 2416 cum
1877 2354 1989 2417 Fran·

252 2490 367 2553 ciscus
394 2492 449 2572 11,
480 2492 653 2573 Leopoldi
683 2491 789 2572 filius,
820 2511 969 2573 regnum
999 2492 1153 2574 adeptus
1185 2501 1291 2555 esset.
1333 2493 1369 2554 Is
1400 2491 1493 2553 enim
1527 2491 1842 2555 Benedictinorum
1872 2493 1988 2555 ordini

215 2665 216 2669 =
251 2628 407 2693 favebat.
438 2629 645 2712 Propterea,
669 2640 709 2692 ut
725 2649 846 2692 eorum
862 2649 1027 2693 numerus
1044 2641 1246 2712 augeretur,
1262 2628 1434 2711 permisit,
1459 2639 1498 2693 ut
1514 2640 1601 2693 vota
1616 2631 1800 2693 sollemnia
1816 2630 1988 2694 vicesimo

251 2767 363 2849 primo
387 2768 516 2830 aetatis
541 2789 634 2831 anno
657 2767 733 2831 fieri
756 2770 889 2832 liceret.
921 2770 1020 2832 Idem
1044 2769 1259 2832 monasterio
1275 2768 1504 2832 Lambertino
1528 2767 1688 2851 pristinis
1704 2768 1830 2832 incolis
1846 2768 1989 2831 reddito

249 2905 285 2968 in
308 2906 495 2988 Hungaria
519 2927 661 2989 quoque
686 2907 844 2969 ordinem
867 2907 1023 2970 restituit
1039 2909 1073 2989 ²).

379 3043 654 3128 Chrysostomus
675 3046 768 3108 enim
784 3048 898 3108 abbas
914 3048 959 3109 de
975 3047 1072 3128 Beel,
1097 3048 1158 3128 qui
1173 3047 1320 3110 abbatia
1336 3066 1400 3110 sua
1417 3045 1591 3110 dissoluta
1614 3054 1762 3128 propter
1785 3044 1985 3109 doctrinam

250 3183 433 3267 ,superior
456 3184 636 3246 districtus
664 3184 809 3247 literarii
833 3185 1227 3267 Quinqueecclesiensis
1255 3187 1452 3249 studiorum
1483 3186 1638 3249 director
1665 3184 1733 3248 luit
1761 3184 1985 3248 nominatus“

248 3322 367 3386 multis
389 3322 651 3404 impedimentis
682 3324 861 3404 superatis
891 3325 1034 3386 tandem
1066 3345 1087 3386 a
1114 3325 1306 3387 Francisco
1336 3324 1551 3406 imperatore
1580 3329 1657 3386 1802
1695 3322 1916 3404 impetravit,
1947 3329 1989 3384 ut

248 3460 352 3524 Mons
375 3461 582 3524 Pannoniae
606 3460 641 3523 in
666 3461 843 3542 integrum
866 3461 1115 3525 restitueretur
1138 3482 1217 3525 cum
1241 3462 1404 3524 omnibus
1427 3461 1563 3525 iuribus
1594 3470 1630 3523 et
1654 3461 1863 3541 commodis,
1894 3479 1987 3540 quae

231 3607 354 3685 antea
375 3601 560 3681 habuerat,
585 3599 732 3679 eiusque
756 3598 920 3661 societati
942 3599 1109 3662 abbatiae
1134 3602 1178 3663 de
1195 3601 1292 3682 Beel,
1315 3600 1481 3682 Diimiilk,
1499 3600 1613 3662 Tihan
1637 3598 1928 3661 adscriberentur
1950 3605 1989 3660 et

247 3739 461 3800 monasteria
484 3739 727 3819 Tymaviense
751 3749 787 3800 et
811 3736 1097 3801 Comaromiense
1119 3740 1362 3833 redderentur,
1386 3739 1436 3800 ita
1460 3747 1590 3819 tamen,
1614 3746 1653 3800 ut
1678 3737 1756 3799 eius
1780 3737 1926 3798 sodales
1948 3737 1985 3798 in

248 3876 370 3937 decem
393 3876 589 3958 gymnasiis
613 3897 739 3939 munus
763 3876 915 3939 docendi
938 3877 1172 3957 susciperent.
1219 3878 1345 3958 Itaque
1367 3876 1463 3939 latus
1488 3894 1635 3957 campus
1666 3885 1813 3957 apertus
1836 3883 1894 3937 est
1914 3873 1986 3936 vir·

247 4012 314 4074 tuti
337 4013 478 4095 ordinis,
503 4034 572 4094 qua
596 4014 716 4094 paullo
740 4024 822 4094 post
845 4034 959 4077 novae
982 4015 1198 4078 residentiae
1227 4024 1266 4078 ut
1288 4015 1515 4095 laurinensis
1551 4012 1811 4094 Soproniensis,
1846 4009 1987 4094 Strigo·

247 4150 389 4231 niensis,
414 4150 626 4232 Ginsiensis,
651 4151 826 4231 Papensis
850 4161 1055 4215 exstructae
1080 4163 1162 4216 sunt
1176 4154 1211 4233 ³).

376 4289 491 4351 Etiam
516 4289 769 4352 monasterium
794 4288 1039 4371 Sanpaulense
1063 4311 1109 4353 ex
1132 4290 1243 4373 ruina,
1268 4310 1359 4372 quae
1383 4290 1624 4372 impendebat,
1650 4289 1856 4352 resurrexit.
1894 4287 1985 4351 Cum

246 4427 338 4489 enim
363 4447 409 4489 ex
439 4447 530 4508 pace
553 4427 695 4509 infelici,
720 4448 811 4510 quae
835 4427 927 4490 inter
949 4429 1132 4491 Austriam
1155 4438 1192 4492 et
1215 4427 1368 4491 Galliam
1398 4427 1544 4491 Posonii
1572 4431 1651 4489 1805
1677 4426 1861 4507 convenit,
1893 4426 1986 4489 anti·

246 4566 451 4647 quissimum
477 4566 727 4628 monasterium
751 4566 900 4630 liberum
924 4589 950 4630 s
974 4568 1086 4630 Blasii
1116 4568 1152 4630 in
1180 4566 1278 4631 Silva
1301 4568 1413 4650 Nigra
1445 4588 1525 4629 cum
1557 4565 1844 4647 possessionibus
1868 4565 1984 4627 archi-

245 4705 389 4768 ducatui
412 4704 570 4767 Badensi
594 4704 811 4767 adtributum
835 4715 941 4787 esset,
965 4707 1078 4795 abbas
1101 4706 1268 4787 princeps
1292 4705 1508 4768 Bertholdus
1529 4704 1674 4767 Rottler
1697 4723 1777 4766 cum
1800 4702 1984 4784 plerisque

244 4844 391 4906 fratrum
427 4848 504 4921 1807
539 4843 575 4904 in
608 4842 790 4904 Austriam
822 4863 860 4905 se
892 4843 1040 4906 contulit
1075 4844 1203 4924 ibique<
1231 4845 1382 4924 primum
1414 4842 1665 4905 monasterium
1697 4839 1902 4922 Hospitium
1936 4843 1985 4903 ad

245 4982 351 5063 Pyrn,
380 4986 459 5060 1809
482 4980 729 5063 Sanpaulense
753 4981 893 5062 accepit
907 4983 942 5061 ⁴).

243 5171 558 5180 ——·—u———-—-——-—-

375 5301 396 5380 ¹)
419 5302 527 5366 Czinar
553 5304 569 5359 l.
595 5323 621 5360 0.
646 5304 668 5360 Ι.
762 5300 784 5381 ²)
808 5302 895 5360 Woll
915 5304 933 5360 l.
958 5323 984 5360 0.
1029 5301 1053 5380 ³)
1078 5303 1186 5359 Czinar
1209 5302 1227 5358 1.
1252 5322 1278 5358 0.

374 5411 397 5492 ⁴)
421 5412 549 5480 Schmss,
575 5413 619 5471 St.
644 5416 733 5483 Paul;
759 5417 847 5482 Pritz‚
873 5415 1057 5472 Geschichte
1080 5434 1140 5471 von
1165 5414 1262 5491 Spital
1284 5433 1332 5472 0111
1357 5416 1447 5489 Ρ7111.
