4222 6106
925 508 968 516 —
1012 470 1095 533 LIII
1141 510 1180 518 -

180 695 311 758 Tuberi
327 697 361 778 ¹),
385 695 602 777 Mattseone,
627 715 706 757 cum
730 716 774 758 ne
798 696 834 758 id
859 696 1001 778 quidem
1025 697 1132 760 certis
1155 696 1374 778 argumentis
1396 696 1541 777 probari
1564 696 1696 777 possit,
1727 717 1789 759 eas
1817 697 1917 777 ipsas

180 833 373 899 exstitisse.
418 835 544 916 Neque
574 845 695 898 tamen
726 834 872 897 dubium
905 834 1047 897 videtur
1078 855 1174 916 esse,
1205 835 1289 917 quin
1320 835 1463 897 ineunte
1494 836 1637 897 saeculo
1668 853 1761 897 nono
1792 835 1828 897 in
1860 834 1915 897 his

181 991 320 1054 quoque
344 973 570 1037 monasteriis
592 974 736 1038 scholae
758 972 900 1055 fuerint,
926 994 1005 1036 cum
1029 993 1075 1036 ex
1099 974 1287 1054 capitulari
1311 972 1427 1036 Caroli
1451 972 1575 1054 Magni
1590 974 1613 1054 2)
1642 973 1678 1036 in
1701 992 1914 1055 unoquoque

182 1110 395 1173 monasterio
418 1112 576 1174 scholam
600 1130 681 1174 esse
705 1121 900 1192 oporteret,
929 1111 964 1174 in
989 1131 1058 1193 qua
1080 1111 1182 1192 pueri
1205 1110 1383 1174 discerent
1410 1112 1584 1192 psalmOS,
1616 1119 1720 1173 notas
1750 1111 1915 1192 musicas,

183 1258 333 1329 cantum,
355 1248 471 1312 fastos
493 1269 624 1331 sacros,
648 1250 917 1332 grammaticam
932 1253 966 1331 ³).
1005 1249 1139 1313 Verum
1167 1261 1222 1313 est
1251 1250 1373 1333 igitur,
1401 1252 1497 1332 quod
1525 1249 1649 1313 scribit
1677 1248 1915 1313 Schwarzius:

184 1385 285 1468 ,Man
309 1387 407 1448 kann
431 1386 624 1468 eigentlich
647 1387 682 1450 in
702 1389 803 1470 jeder
819 1388 1200 1451 Benedictiner-Abtei
1216 1389 1295 1451 eine
1312 1387 1442 1452 Schule
1459 1389 1668 1469 annehmen,
1692 1388 1916 1471 wenngleich

183 1523 214 1584 in
236 1525 408 1586 mancher
430 1545 496 1587 nur
519 1545 561 1587 zu
586 1526 708 1590 Zeiten
732 1529 803 1589 und
825 1527 862 1590 in
884 1527 1049 1609 wenigen
1066 1525 1346 1609 Gegenstiinden
1370 1527 1604 1590 unterrichtet
1623 1529 1744 1590 wurde
1769 1528 1840 1589 und
1857 1527 1916 1589 bei

182 1660 320 1724 weiteru
347 1662 445 1726 nicht
468 1664 536 1726 alle
562 1665 631 1726 den
655 1664 792 1727 Namen
816 1665 914 1727 einer
937 1663 1067 1728 Schule
1092 1664 1286 1728 erhielten⁴‘
1301 1666 1336 1746 ⁴).

308 1802 555 1884 Docebantur,
584 1812 623 1865 ut
646 1802 682 1865 in
706 1803 892 1885 capitulari
917 1802 1034 1866 Caroli
1057 1803 1197 1885 Magni,
1233 1805 1328 1885 quod
1358 1823 1467 1885 supra
1498 1779 1630 1866 dictum
1663 1813 1732 1882 est,
1764 1803 1917 1885 legimus

186 1950 342 2021 ,septem
381 1940 548 2003 liberales
586 1940 703 2004 artes“
739 1941 775 2003 in
810 1941 952 2005 trivium
992 1952 1028 2004 et
1063 1941 1286 2023 quadrivium
1321 1941 1467 2005 divisae.
1518 1941 1677 2004 Trivium
1711 1940 1917 2005 continebat

184 2079 450 2159 grammaticam
472 2082 505 2162 (a
522 2100 592 2162 qua
607 2081 805 2162 praemissa
820 2081 964 2163 legendi
980 2080 1229 2162 scribendique
1245 2091 1321 2144 arte
1338 2080 1457 2162 coepit
1473 2079 1670 2160 institutio),
1693 2079 1916 2161 rhetoricam,

185 2216 424 2291 dialecticam:
456 2218 679 2300 quadrivium
709 2221 767 2282 vel
795 2220 1032 2301 quadruplum
1059 2219 1302 2301 geometriam,
1333 2218 1592 2281 arithmeticam
1619 2218 1917 2299 -computandi

185 2362 292 2416 artem
309 2355 433 2438 digitis
450 2357 637 2438 docebant,
658 2368 767 2438 atque
782 2359 896 2420 abaco
912 2359 1111 2437 utebantur,
1124 2358 1246 2420 tabula
1262 2377 1370 2419 arena
1387 2374 1580 2436 conspersa
1595 2392 1638 2402 -
1653 2356 1916 2437 astronomiam,

186 2493 365 2556 musicam.

311 2631 476 2695 Docendi
498 2633 590 2697 ratio
613 2635 822 2715 plerumque
838 2635 927 2696 haec
944 2644 1030 2714 erat,
1054 2644 1093 2695 ut
1108 2653 1197 2695 voce
1214 2634 1488 2716 explicarentur,
1509 2653 1600 2716 quae
1616 2641 1718 2696 erant
1732 2635 1917 2714 tradenda,

187 2788 334 2851 cumque
357 2771 428 2833 rari
452 2783 573 2834 essent
595 2771 690 2853 libri,
723 2791 788 2835 nec
811 2772 879 2834 nisi
902 2791 1032 2854 magno
1055 2771 1171 2852 pretio
1191 2782 1413 2860 constarent,
1445 2792 1575 2854 pueros
1607 2773 1783 2854 permulta
1815 2791 1918 2854 opor-

187 2911 282 2970 tebat
305 2909 470 2972 versibus
492 2909 568 2973 fere
593 2911 792 2993 composita
818 2910 1000 2993 magistris
1028 2910 1245 2973 dictantibus
1276 2911 1443 2992 excipere
1473 2922 1581 2992 atque
1612 2910 1761 2993 singulis
1793 2910 1920 2973 diebus

187 3046 342 3130 singulas
368 3049 562 3129 particulas
585 3049 776 3113 memoriae
800 3050 1019 3130 mandares).

312 3185 423 3266 Libri,
447 3186 507 3269 qui
522 3187 557 3249 in
573 3206 639 3250 usu
656 3197 767 3269 erant,
792 3207 838 3249 ex
854 3196 957 3268 parte
975 3196 1076 3249 erant
1092 3186 1209 3266 iidem,
1234 3187 1293 3268 qui
1309 3187 1344 3248 in
1360 3187 1604 3250 Romanorum
1620 3186 1751 3249 scholis
1766 3186 1918 3267 fuerant,

188 3335 222 3386 ut
244 3322 436 3407 Satyricon
460 3325 632 3388 Marciani
655 3326 766 3388 Minei
789 3325 919 3388 Felicis
943 3323 1127 3406 Capellae,
1160 3326 1254 3406 quod
1285 3324 1378 3387 circa
1408 3344 1439 3387 a.
1464 3343 1527 3403 470
1556 3324 1688 3387 editum
1716 3324 1797 3405 plus
1824 3323 1919 3386 mille

190 3481 294 3524 annos
311 3474 502 3544 manserat,
518 3464 772 3546 grammaticae
788 3464 931 3545 Donati,
948 3463 1121 3526 Prisciani
1134 3461 1170 3544 ⁶),
1193 3462 1352 3525 Dindimi
1368 3473 1404 3526 et
1419 3462 1673 3545 Hugoccionis,
1699 3464 1764 3546 „de
1780 3473 1919 3544 septem

192 3599 342 3663 artibus“
369 3599 582 3684 Cassiodori,
608 3623 687 3685 „ars
710 3601 888 3665 dictandi“
913 3603 972 3664 vel
998 3603 1062 3684 „de
1079 3601 1301 3664 institutione
1318 3601 1516 3663 divinarum
1532 3599 1748 3664 litterarum“
1767 3600 1918 3680 Boethii,

193 3735 415 3823 Etymologia
438 3740 565 3803 Isidori
588 3740 749 3822 episcopi
772 3740 1009 3822 Hispalensis
1034 3740 1136 3801 Beda
1158 3739 1394 3821 Venerabilis,
1418 3739 1608 3822 Euclydes,
1633 3739 1701 3803 alii.

316 3876 464 3942 Summa
487 3879 713 3960 detrimenta,
746 3897 839 3960 quae
870 3877 1085 3940 monasteria
1108 3896 1154 3939 ex
1176 3877 1429 3959 Hungarorum
1452 3876 1712 3939 incursionibus
1740 3886 1920 3957 ceperant,

197 4017 311 4079 eadem
338 4016 374 4079 in
397 4018 537 4079 scholas
561 4018 818 4099 redundarunt,
849 4027 888 4079 ut
911 4036 981 4078 una
1004 4016 1261 4097 relinqueretur
1284 4014 1485 4099 Salisburgi
1513 4016 1559 4077 ad
1583 4036 1609 4077 s.
1634 4015 1798 4096 Petrum,
1830 4034 1921 4096 quae

199 4155 299 4217 altera
325 4154 472 4218 dimidia
494 4166 596 4236 parte
621 4155 753 4217 saeculi
778 4154 906 4218 decimi
929 4174 995 4236 per
1010 4153 1264 4217 Chunibertum
1281 4152 1562 4236 Sangallensem,
1586 4152 1795 4216 Sindfritum
1819 4153 1922 4215 alios-

200 4310 256 4371 que
285 4295 401 4356 claros
429 4294 595 4357 doctores
619 4295 736 4356 denuo
760 4293 924 4357 effloruit.
970 4291 1102 4356 Secuta
1133 4302 1189 4355 est
1218 4293 1344 4354 laetior
1367 4301 1485 4373 aetas,
1518 4311 1564 4354 ex
1595 4312 1665 4373 quo
1689 4291 1923 4374 congregatio

318 4504 339 4584 ¹)
364 4507 533 4580 Bergmann
556 4505 575 4562 l.
601 4525 626 4561 c.

319 4617 343 4697 2)
366 4618 432 4674 Lex
456 4637 483 4673 a.
510 4616 570 4691 789
594 4617 674 4692 apud
698 4617 794 4684 Pertz‚
818 4617 950 4671 Monum.
977 4615 1078 4670 Germ.
1103 4615 1180 4688 Leg.

318 4728 343 4808 ³)
368 4730 514 4798 Theiner,
539 4729 722 4785 Geschichte
747 4728 802 4784 der
824 4727 1003 4802 geistiichen
1026 4726 1330 4800 Bildungsanstalten.

320 4840 342 4920 ⁴)
367 4841 519 4908 Schwan,
545 4840 816 4914 Erziehungslchre
840 4841 862 4894 Ι.

319 4951 344 5032 5)
368 4955 463 5029 Mayr,
488 4953 673 5010 Geschichte
697 4951 752 5008 der
775 4953 925 5025 geistigen
950 4951 1063 5007 Cultur.

319 5062 343 5145 ⁶)
703 5065 781 5137 „Die
806 5064 913 5121 besten
937 5064 985 5119 die
1008 5066 1063 5119 wir
1086 5082 1123 5120 an
1147 5063 1351 5120 Grammaticti
1373 5063 1440 5129 hain,

703 5177 758 5232 daz
783 5196 846 5233 was
871 5177 1008 5233 anaitus
1032 5176 1091 5232 und
1115 5176 1265 5232 Priscizin:

702 5288 898 5346 Aristarchus
923 5309 990 5345 man
1013 5307 1074 5344 von
1098 5288 1183 5344 rehte
1206 5288 1251 5343 sol

704 5401 799 5458 vnder
822 5401 869 5458 die
893 5400 1001 5458 besten
1024 5400 1128 5456 zehlen
1151 5399 1240 5456 wol.“
1437 5395 1476 5475 (Τ
1479 5399 1613 5455 homasin
1636 5418 1696 5456 von
1721 5395 1884 5478 Zirclaria.)
