4222 6106
838 548 882 556 —
926 511 1080 574 XXXV
1125 550 1168 559 -

133 730 323 793 Zacharias
354 734 468 794 abbas
499 753 644 796 munere
675 753 713 796 se
746 734 939 797 abdicaret.
985 736 1119 798 Verum
1150 741 1194 800 de
1223 739 1290 799 hoc
1321 757 1467 800 numero
1501 738 1620 819 excipi
1650 751 1799 819 possunt
1828 741 1873 802 ad

133 889 160 931 s.
184 869 424 952 Lambertum,
448 869 662 955 Goessense,
687 874 979 957 Nonnbergense,
1004 896 1031 938 S.
1049 875 1195 959 Georgii
1219 879 1264 938 ad
1288 877 1463 959 Langsee,
1487 879 1532 939 ad
1556 897 1583 939 s.
1600 878 1745 940 Petrum
1763 877 1871 942 Salis·

133 1009 247 1090 burgi,
266 1028 480 1090 quamquam
495 1010 553 1072 hic
568 1011 721 1073 Ioannes
739 1013 783 1073 de
800 1010 974 1093 Staupitz,
991 1012 1108 1075 fautor
1125 1025 1160 1076 et
1177 1015 1310 1076 amicus
1327 1015 1482 1095 Lutheri,
1501 1017 1739 1096 (1521—1522)
1758 1016 1872 1099 digni·

133 1157 244 1209 tatem
268 1149 485 1212 abbatialem
514 1150 717 1214 obtinuerat
733 1153 766 1231 ¹),
798 1152 1128 1233 Arnoldsteinense,
1160 1154 1221 1215 ubi
1254 1155 1374 1216 rustici
1407 1154 1605 1235 evangelici
1636 1157 1805 1217 abbatem
1838 1166 1873 1216 et

134 1290 327 1351 monachos
350 1290 468 1351 studio
492 1290 676 1371 religionis
700 1290 897 1352 catholicae
926 1291 1090 1353 incensos
1114 1293 1342 1354 vehementer
1365 1293 1558 1355 vexabant.
1605 1291 1702 1355 Scoti
1732 1313 1872 1374 quoque

134 1425 432 1489 Vindobonenses
456 1426 538 1489 fidei
562 1448 669 1490 verae
693 1428 819 1508 paucis
843 1429 1005 1508 exceptis
1030 1429 1282 1492 adhaerebant.
1329 1429 1627 1510 Cremifanenses,
1653 1431 1782 1511 quibus
1806 1434 1872 1492 sub

132 1565 254 1628 Marco
271 1566 442 1629 Weinero
466 1568 598 1628 abbate
621 1566 748 1648 religio
772 1586 865 1629 nova
886 1569 1039 1647 probata
1062 1578 1148 1648 erat,
1172 1588 1256 1629 mox
1281 1567 1871 1650 111111111111111111111111112).

263 1704 398 1767 Tamen
415 1705 641 1786 providenda
665 1705 785 1766 divina
809 1714 952 1767 cautum
976 1714 1062 1786 erat,
1087 1725 1132 1767 ne
1155 1708 1261 1768 arbor
1284 1707 1462 1787 quondam
1485 1705 1666 1768 fructuosa
1690 1715 1744 1769 tot
1766 1707 1872 1769 ramis

132 1843 343 1923 privaretur.
376 1842 497 1923 Atque
522 1861 600 1904 eam
624 1844 669 1904 ad
686 1860 798 1904 novos
814 1842 951 1904 fructus
969 1851 1005 1904 et
1022 1843 1254 1904 ecclesiastici
1272 1853 1307 1904 et
1325 1843 1447 1905 civiles
1464 1843 1643 1925 principes
1660 1844 1870 1925 excitarunt,

131 1980 292 2059 inprimis
321 1980 493 2061 episcopi⁴
513 1980 680 2043 Urbanus
713 1980 939 2043 Pataviensis
973 1991 1009 2043 et
1039 1981 1215 2043 Martinus
1243 1980 1492 2045 Seccoviensis
1524 1993 1560 2044 et
1587 1983 1803 2064 Rudolphus
1827 1984 1870 2046 II.

131 2119 376 2181 Romanorum
399 2118 592 2199 imperator
615 2127 723 2199 atque
739 2118 768 2179 F
771 2118 987 2180 erdinandus
1011 2119 1185 2180 archidux
1201 2119 1381 2200 Austriae,
1406 2120 1464 2200 qui
1486 2130 1613 2201 postea
1628 2120 1871 2182 Romanorum

132 2256 326 2337 imperator
350 2267 491 2319 creatus
515 2265 579 2320 est.
611 2256 755 2336 Optime
778 2277 864 2319 vero
884 2257 1057 2319 Melchior
1074 2259 1202 2319 Khlesl
1226 2258 1414 2320 cardinalis
1444 2269 1479 2320 et
1503 2258 1693 2339 episcopus
1710 2259 1871 2322 Wiener·

132 2396 399 2458 neustadtensis
422 2406 549 2477 postea
566 2396 855 2457 Vindobonensis
879 2397 923 2457 de
947 2396 1070 2458 ordine
1094 2397 1220 2459 meruit
1234 2398 1268 2476 ³).

262 2535 298 2596 Is
330 2533 423 2595 enim
453 2534 595 2596 adiutus
623 2544 803 2614 potestate
831 2533 925 2596 civili
953 2535 1162 2616 religionem
1195 2535 1404 2597 catholicam
1434 2537 1605 2598 reducere
1635 2548 1783 2599 conatus
1806 2557 1872 2617 per

131 2674 283 2734 abbates
308 2671 427 2734 studio
449 2671 533 2734 fidei
557 2672 716 2754 insignes
744 2692 873 2735 nervos
902 2673 1015 2735 ordini
1047 2674 1196 2736 addidit.
1242 2673 1367 2754 Neque
1395 2674 1509 2737 minus
1539 2676 1644 2737 sedes
1674 2676 1870 2756 apostolica

130 2810 246 2872 ordini
269 2811 491 2873 restituendo
520 2831 664 2892 operam
690 2811 799 2874 dedit.
838 2811 985 2875 Carolus
1009 2811 1158 2893 Caraffa,
1184 2813 1327 2875 nuntius
1344 2813 1640 2894 VindobonenSIS,
1663 2813 1868 2895 Casparum,

129 2950 300 3011 abbatem
317 2948 570 3030 Mellicensem,
592 2969 634 3010 eo
650 2949 810 3030 adduxit,
835 2960 873 3011 ut
890 2952 1040 3013 abbates
1057 2950 1307 3013 archiducatus
1324 2951 1504 3013 Austriaci
1526 2956 1605 3013 1618
1630 2952 1665 3014 in
1682 2953 1865 3014 consilium

131 3099 361 3169 convocaret,
385 3089 420 3151 in
445 3108 514 3169 quo
540 3089 833 3171 „constitutiones
859 3089 1093 3152 Austriacae“
1117 3091 1164 3150 ab
1189 3090 1356 3169 Aehazio,
1380 3089 1498 3171 priore
1523 3088 1719 3170 Garstensi,
1748 3092 1869 3152 adum-

129 3229 255 3289 bratae
272 3226 308 3287 in
325 3227 619 3289 consultationem
632 3228 835 3290 veniebant.
860 3228 939 3290 Hae
952 3247 1037 3289 vero
1055 3229 1325 3290 constitutiones
1342 3229 1495 3290 reiectae
1513 3239 1603 3307 sunt,
1622 3249 1701 3290 cum
1717 3230 1868 3290 abbates

131 3365 358 3446 Augustinus
381 3365 587 3428 Pittrichius
612 3363 796 3429 Scotensis
829 3375 865 3428 et
893 3365 1073 3446 Casparus
1096 3367 1278 3429 Plautzius
1302 3366 1625 3447 Seitenstettensi5,
1657 3366 1808 3428 eximius
1841 3386 1867 3427 S.

130 3503 277 3583 regulae
309 3503 502 3585 interpres,
535 3504 577 3566 iis
610 3505 886 3587 refragarentur.
932 3505 1066 3566 Tamen
1100 3504 1239 3568 Caraffa
1270 3504 1413 3567 nuntius
1445 3504 1587 3585 incepto
1618 3525 1688 3566 non
1720 3505 1867 3583 destitit,

131 3642 279 3722 eiusque
303 3662 413 3723 opera
442 3647 521 3722 1624
546 3646 703 3706 secunda
727 3643 960 3725 congregatio
984 3643 1200 3705 Mellicensis
1225 3643 1404 3722 convenit,
1436 3661 1527 3722 quae
1556 3643 1763 3722 plerumque
1788 3662 1869 3704 con-

130 3780 298 3862 gregatio
315 3780 507 3842 Austriaca
530 3782 741 3864 nominatur,
768 3783 802 3845 in
828 3804 899 3864 qua
923 3793 1061 3863 partem
1082 3785 1264 3844 habebant
1286 3782 1489 3862 Mellicium,
1515 3779 1759 3863 Gottwigium,
1784 3780 1871 3845 Sco-

130 3929 247 3980 torum
271 3918 602 3982 Vindobonensium
625 3922 889 4001 monasterium,
914 3920 1034 3983 Cellae
1058 3920 1252 4002 Marianae,
1277 3920 1548 4000 Altenburgum,
1578 3919 1868 3998 Seitenstadium,

130 4055 374 4137 Garstenium,
400 4056 628 4138 Gluniacum,
653 4058 906 4141 Cremifanum,
931 4058 1193 4138 Lambachium,
1218 4057 1450 4119 Lunaelacus
1497 4056 1569 4121 Sed
1600 4059 1688 4120 haec
1720 4077 1868 4139 congre-

130 4197 229 4279 gatio
263 4196 426 4277 quamvis
459 4216 537 4258 eam
569 4197 737 4259 Urbanus
761 4197 858 4260 VIII.
907 4195 942 4260 S.
972 4198 1011 4259 P.
1046 4200 1124 4257 1025
1156 4205 1270 4258 ratam
1300 4196 1450 4276 faceret,
1482 4207 1600 4258 tamen
1631 4215 1700 4258 non
1732 4205 1869 4258 tantum

130 4336 346 4398 auctoritate
370 4334 532 4415 profecit,
557 4347 727 4415 quantum
746 4336 860 4416 prima
876 4335 1105 4416 Mellicensis,
1129 4354 1244 4415 neque
1268 4348 1397 4416 magna
1421 4333 1487 4396 fuit
1510 4335 1586 4396 eius
1610 4334 1823 4396 diuturnitas
1833 4335 1868 4412 ⁴).

263 4649 285 4728 ¹)
309 4649 413 4707 Series
437 4647 578 4705 abbatum
602 4664 731 4707 monast.
747 4669 772 4707 s.
790 4650 870 4705 Petri
888 4647 1068 4723 Salisburgi.
1101 4649 1199 4717 Quam
1216 4662 1337 4704 tenaces
1354 4650 1382 4705 hi
1400 4648 1536 4704 monachi
1554 4648 1729 4723 disciplinae
1747 4647 1866 4722 suerint,

127 4763 257 4839 adparet
281 4782 319 4818 ex
344 4782 392 4830 e0,
416 4762 497 4837 quod
522 4763 667 4818 Martinus
690 4761 786 4819 abbas
811 4761 951 4818 mandato
976 4763 1131 4817 Dietrichii
1156 4761 1267 4827 Wolfii,
1292 4763 1343 4834 qui
1372 4774 1448 4833 1593
1475 4762 1716 4835 praescripserat
1743 4759 1866 4828 „salutis

128 4876 346 4931 monachorum
371 4893 463 4930 causa
487 4877 563 4930 trina
586 4877 652 4931 vice
676 4893 732 4950 per
755 4873 973 4930 hebdomadam
999 4893 1081 4930 esum
1106 4875 1269 4929 carnalium
1295 4886 1324 4928 et
1348 4872 1617 4929 deambulationem
1642 4872 1759 4926 nonnisi
1781 4872 1867 4926 minis

129 4990 253 5044 territus
277 5007 313 5043 ac
337 4985 478 5042 flentibus
494 4987 589 5043 oculis
607 4988 769 5061 acquievit,
794 4987 934 5061 huncque
951 4988 980 5041 in
997 4987 1083 5041 finem
1106 5003 1216 5041 novum
1240 4984 1432 5040 refectorium
1457 4982 1635 5047 aedificavit,
1660 5000 1697 5037 ne
1721 4999 1774 5037 esu
1798 5002 1865 5038 car-

128 5101 238 5156 nalium
262 5114 352 5155 vetus
376 5101 661 5155 contaminaretur“.

261 5211 283 5290 ²)
308 5212 462 5268 Hauswirt
484 5211 503 5267 l.
528 5229 572 5279 c.;
597 5212 763 5286 Pachmayr
786 5211 804 5267 l.
829 5230 855 5268 c.

260 5323 283 5403 ³)
308 5324 628 5398 Hammer-Purgstall‚
654 5325 717 5380 Das
742 5322 848 5380 Lebcn
871 5323 925 5379 des
949 5321 1105 5378 Cardinals
1131 5320 1244 5388 Khlesl,
1269 5320 1291 5375 I.

261 5438 284 5515 ⁴)
309 5437 494 5515 Kerlinger‚
519 5435 611 5502 Melk,
636 5437 658 5492 I.
