1217 2000
135 400 191 415 abbas
202 398 252 414 fratri
260 398 360 414 Adalberto
368 398 458 419 pollicitus
467 401 500 418 est,
512 402 551 413 suc-

135 434 195 445 cessor
208 428 290 445 Gunther
303 431 393 444 annuente
407 428 493 449 episcopo
506 428 551 444 Bru-

135 460 185 475 nensi
198 459 302 480 adimplevit
316 461 335 475 et
347 459 466 475 Adalberturn
477 458 551 479 praevio

135 490 217 506 examine
228 490 246 505 in
257 489 339 505 omnibus
349 489 405 505 sacris
413 489 511 510 disciplinis
519 494 551 509 op-

135 520 177 536 time
185 522 275 536 versatum
281 520 412 540 testificantem,
419 520 442 535 ad
449 520 495 535 sacri
501 524 550 540 pres-

135 551 228 571 byteratus
239 550 319 566 ordinem
329 552 429 570 promotum
439 550 461 565 iri
472 550 550 570 benigne

135 581 212 601 indulsit,
224 581 272 601 quod
279 580 375 601 Raigradii
387 585 412 596 ιε.
421 580 458 596 Ian.
469 581 509 596 1860
520 580 551 596 do-

136 611 198 627 minica
204 611 256 626 tertia
261 613 302 631 post
305 610 424 631 Epiphaniam
429 610 508 631 contigit.
515 610 551 626 Pri-

135 642 189 657 rnitiis
200 642 217 657 in
228 644 288 657 nostra
299 641 375 657 ecclesia
386 641 481 656 celebratis
491 643 551 656 aetate

136 672 242 687 venerabilis
254 674 305 692 pater
313 671 408 687 Adalberti
418 676 504 692 praesens
512 671 551 691 fuit,

136 702 165 722 qui
174 702 211 718 iure
220 702 308 718 canticum
317 702 420 717 Zachariae:
429 707 485 722 „nunc
494 701 551 717 dimit-

136 733 159 748 tis
177 738 247 748 servum
265 732 324 748 tuum¹¹
343 732 461 748 laetabundus
479 732 551 752 incepit,

137 768 190 783 quum
199 763 252 778 filium
261 763 278 778 in
285 765 356 783 posturn
365 762 435 778 felicem
443 762 473 778 diu
482 762 551 778 deside-

136 796 193 809 ratum
204 795 307 814 pervectum
315 793 409 813 aspiceret.
423 793 551 809 Iurisdictionis

137 824 200 840 litteris
209 825 234 839 25.
243 823 283 840 Oct.
295 824 373 839 eiusdem
386 823 427 839 anni
440 823 520 844 acceptis
532 825 552 839 ut

136 855 158 870 ad
168 855 205 870 dies
214 854 358 870 commorationis
366 854 393 869 sui
401 854 418 869 in
426 854 502 869 ecclesia
507 854 552 869 Rai-

136 885 227 905 gradiensi
234 890 293 900 curam
300 885 398 900 animarum
404 884 511 900 subsidiario
516 889 552 900 mo-

137 916 160 930 do
169 918 258 935 exerceat,
271 917 377 935 cooperator
388 915 487 930 instituitur
499 917 517 930 et
529 915 552 930 ad

137 945 266 966 providendam
278 945 372 961 ecclesiam
383 945 454 960 filialem
466 944 552 965 Opatovi-

137 981 207 991 oensem
217 975 314 995 delegatur.
327 975 350 990 Et
356 978 450 995 postquam
458 980 504 990 anno
513 976 551 995 1872

137 1011 241 1021 concursum
261 1010 293 1026 pro
311 1005 432 1021 ambientibus
450 1005 552 1026 parochiam

137 1036 265 1056 praescriptum
280 1036 363 1056 absolvit,
380 1041 426 1051 anno
442 1036 482 1056 1878
497 1035 515 1051 in
528 1036 553 1051 lo-

137 1071 175 1082 cum
184 1066 264 1082 defuncti
271 1066 344 1086 parochi
351 1066 505 1082 OstrovatSicensis
512 1066 552 1081 sub-

136 1100 210 1117 rogatus
215 1099 247 1117 est,
253 1097 283 1112 ubi
288 1097 378 1117 hueusque
383 1097 439 1112 verbo
446 1099 464 1112 et
471 1096 552 1116 exemplu

136 1132 210 1147 gregem
222 1127 300 1142 fidelium
313 1127 376 1147 pascit.
392 1127 480 1142 Fervente
493 1131 552 1142 amore

137 1157 238 1178 eximioque
252 1157 324 1178 ingenio
338 1157 430 1177 praeditus
442 1159 490 1173 artes
503 1157 553 1177 inge-

137 1193 186 1207 nuas,
197 1188 302 1208 praesertim
312 1188 380 1208 poesin,
392 1188 476 1203 musicam
487 1190 506 1203 et
516 1187 552 1207 pic-

137 1222 199 1239 turam,
204 1223 289 1234 exercere
295 1221 370 1234 conatus
376 1218 486 1234 Adalhertus
493 1220 553 1233 noster

136 1250 159 1264 ab
169 1249 290 1264 adolescentia
300 1254 333 1264 sua
344 1254 414 1264 omnem
426 1248 500 1264 navavit
511 1253 553 1268 ope-

137 1285 178 1300 ram,
187 1282 206 1295 ut
214 1279 261 1295 vires
269 1279 328 1300 animi,
337 1284 382 1300 quas
388 1282 451 1295 natura
460 1279 494 1299 ipsi
501 1283 553 1299 prae—

138 1310 181 1330 buit,
190 1310 262 1325 favente
271 1310 342 1325 fortuna
352 1310 458 1330 explanaret
469 1312 487 1325 et
500 1314 553 1325 exco-

138 1341 188 1356 leret.
208 1341 277 1356 Musica
295 1345 334 1356 eum
353 1343 459 1361 occupatum
475 1340 553 1360 tenebat,

138 1371 221 1392 quamdiu
227 1371 367 1391 ludimagisterio
372 1371 488 1391 fungebatur:
494 1375 553 1391 quam-

137 1407 190 1422 quam
198 1402 232 1417 hac
240 1401 279 1417 vice
287 1402 335 1417 nulla
343 1402 453 1422 produxerat
465 1405 520 1421 opera
528 1401 554 1416 in-

137 1432 216 1452 geniosa,
223 1435 283 1447 tamen
287 1432 350 1447 diurno
357 1432 418 1447 labore
425 1436 446 1447 eo
452 1434 552 1452 pervectus,

137 1465 156 1478 ut
163 1462 221 1478 omnia
228 1463 344 1478 instrumenta
348 1462 416 1478 musica
422 1462 508 1482 legesque
514 1462 554 1477 har-

138 1493 207 1508 moniae
220 1493 329 1513 intelligeret
341 1495 359 1508 et
371 1492 432 1508 critica
443 1492 510 1508 ratione
520 1492 554 1507 hac

138 1524 154 1539 in
164 1528 182 1539 re
191 1523 269 1539 iudicare
277 1525 295 1539 et
302 1526 379 1539 tractare
386 1525 452 1544 posset.
463 1522 501 1538 Sub
507 1522 554 1538 idem

137 1558 217 1574 tempus,
234 1559 273 1570 cum
288 1554 359 1569 occasio
375 1554 500 1574 praeberetur,
517 1558 554 1568 car—

137 1584 184 1600 mina
196 1584 244 1600 haud
257 1584 312 1600 invita
324 1584 406 1600 Minerva
417 1584 496 1604 dicebat,
508 1588 554 1604 quae

554 353 591 370 ⁴49
619 357 642 359 —

591 397 672 413 versibus
679 397 771 418 impariter
776 397 846 418 iunctis,
851 397 947 418 sollemnia,
954 402 1007 413 casus

591 428 677 444 adversos
689 430 723 444 etc.
737 428 826 444 hominum
838 428 934 444 memoriae
947 429 1006 444 trade-

591 461 639 477 rent;
653 461 704 474 veste
715 463 758 474 vero
771 458 857 479 religiosa
870 458 951 480 indutus,
965 459 1006 475 stilo

590 489 662 510 poetica
666 489 756 504 abstinere
760 489 836 510 videtur,
839 494 875 505 una
879 489 919 505 vice
924 492 1006 510 excepta,

591 525 644 540 quum
657 519 748 540 impletum
758 521 806 535 esset
815 519 958 535 ardentissimum
968 525 1006 535 cnr-

591 550 618 566 dis
627 550 734 565 desiderium
743 553 760 565 et
769 550 807 570 ipse
813 550 909 570 presbyter
915 550 1007 566 ordinatus

591 582 644 596 esset.
656 580 736 596 Assiduo
743 583 803 596 autem
813 581 875 596 labore
887 580 958 596 deditus
970 585 1007 596 ma-

591 611 645 626 nebat
653 611 687 626 arti
695 611 783 631 picturae;
796 611 859 627 summi
869 611 921 627 buius
929 609 972 627 artis
980 611 1006 627 iu-

591 641 640 657 dices
644 646 679 657 uno
685 646 715 657 ore
719 641 793 657 laudant
797 641 899 662 graphides,
903 647 947 662 quas
951 641 1007 657 Adal-

590 672 652 687 bertus
660 674 721 687 noster
731 676 790 692 penna
802 672 875 688 corvina
886 672 978 692 eleganter
988 675 1007 688 et

591 702 691 723 diligenter,
703 705 786 718 accurate
797 704 815 718 et
825 702 885 723 polite,
896 703 1006 722 delineabat3

591 733 623 748 has
635 733 681 748 inter
691 733 766 753 primum
778 733 836 748 locum
848 733 917 748 obtinet
929 733 1007 754 diploma

591 768 602 778 a
617 765 678 779 nostro
693 763 801 779 monasterio
816 763 901 779 cardinali
915 764 1006 780 Falcinelli

591 793 681 814 traditum,
689 798 728 809 cum
737 793 755 809 in
764 793 929 810 confoederatorum
938 797 1006 810 nostro-

591 829 629 839 rum
637 829 729 839 numerum
737 826 851 844 cooptaretur
861 829 894 839 nee
902 829 936 840 non
945 824 1006 845 cyclus

591 854 688 875 imaginum
699 854 722 869 ad
732 854 787 870 vitam
797 859 811 870 s.
820 854 914 870 Benedicti
924 857 1006 875 spectau-

591 885 635 900 tium
640 889 698 905 penna
703 885 763 900 subtili
768 887 786 900 et
790 885 869 905 eleganti
874 885 1006 906 delineatamru,

592 919 638 935 quae
648 915 710 930 nuntio
721 915 820 935 apostolico
832 916 917 931 moderno
927 915 1006 931 lacobini

592 946 639 961 dono
647 945 718 961 oblatae
726 945 781 961 suere.
794 945 844 965 Quae
852 945 872 961 P.
881 945 937 961 Slouk
945 946 1007 961 colori-

591 976 625 991 bus
632 975 695 996 pinxit,
700 975 810 995 exemplaria
816 977 885 991 tantum
891 978 932 991 sunt
938 981 962 992 ex
968 976 1007 992 aliis

592 1005 699 1026 imaginibus
706 1006 801 1026 exscripta,
808 1011 869 1021 verum
876 1008 935 1022 tamen
942 1006 973 1022 tali
981 1006 1007 1022 ni-

592 1039 631 1052 tore
639 1036 723 1057 insignes,
730 1039 749 1052 ut
756 1036 849 1057 originalia
857 1041 970 1057 nonunquam
979 1042 1007 1052 su-

592 1069 664 1087 perent,
679 1072 707 1082 ex.
721 1072 746 1087 gr.
761 1067 820 1087 imago
835 1067 910 1088 praelati
924 1067 1006 1088 Victoris,

593 1102 645 1118 quam
655 1097 714 1117 pictor
724 1097 815 1118 originalis
827 1098 873 1113 dom.
881 1097 947 1118 Zeleny
956 1102 1007 1113 suum

593 1133 633 1143 esse
645 1133 690 1148 npus
703 1128 755 1148 lapsu
768 1128 870 1144 delectabili
881 1128 1006 1144 arbitrabatur.

592 1158 680 1178 Depinxit
688 1161 706 1173 et
714 1158 749 1174 alia
757 1158 871 1178 exemplaria,
880 1163 926 1178 quae
934 1158 952 1174 in
960 1158 1007 1174 festo

593 1188 676 1209 Corporis
680 1188 746 1204 Christi
750 1188 836 1204 altaribus
840 1189 959 1209 imponuntur,
964 1188 1007 1204 ima-

584 1216 652 1239 ‘ginern
666 1224 679 1234 s.
693 1219 784 1234 Barbarae
797 1221 887 1234 servatam
900 1219 918 1234 in
932 1218 1007 1234 ecclesia

593 1249 721 1269 Opatovicensi
728 1254 751 1264 ex
757 1249 838 1270 originali
843 1249 913 1265 vicinae
919 1248 1007 1264 ecclesiae

593 1279 711 1297 Blueicensis:
719 1279 820 1300 imaginem,
829 1284 864 1300 qua
871 1284 900 1295 res
908 1284 918 1295 e
926 1279 964 1294 vita
969 1283 1008 1294 ere·

593 1309 647 1325 mitae
654 1309 740 1325 Guntheri
747 1310 875 1325 adumbrantur
882 1311 916 1325 etc.
928 1309 1007 1325 Maxime

593 1342 652 1355 autem
663 1340 688 1355 illi
698 1340 716 1355 in
723 1340 771 1356 votis
782 1343 821 1355 erat
831 1340 925 1355 ecclesiam
936 1339 1007 1355 filialem

594 1370 744 1391 Opatovicensem
748 1371 865 1386 restaurando
869 1370 1007 1390 renovandoque

593 1400 618 1416 ira
626 1403 718 1416 exstruere
727 1403 744 1416 et
753 1401 849 1420 instituere,
858 1403 878 1415 ut
886 1400 968 1416 omnibus
976 1405 1008 1415 nu*

593 1431 646 1447 meris
651 1431 780 1446 architecturae
784 1430 906 1451 perficeretur:
910 1430 1008 1450 adquisivit

593 1461 717 1477 benefactores
728 1463 746 1476 et
757 1460 836 1476 ultimum
848 1465 871 1476 ex
883 1460 956 1480 proprio
966 1465 1007 1475 aere

594 1492 665 1507 obolum
673 1491 727 1511 dedit,
736 1494 756 1507 ut
763 1496 808 1512 opus
816 1491 868 1507 citius
876 1491 899 1506 ad
907 1490 959 1506 finem
967 1495 1008 1511 per-

594 1522 695 1542 duceretur,
709 1522 736 1538 cui
748 1527 808 1537 curam
822 1524 840 1537 et
853 1521 952 1537 custodiam
964 1520 1008 1536 assi-

594 1552 646 1568 duam
662 1552 748 1569 adhibuit.
768 1552 858 1568 Gloriatur
872 1552 933 1573 itaque
948 1556 1007 1572 pagus

595 1582 732 1603 Opatovicensis
743 1583 818 1599 ecclesia
828 1585 864 1599 tam
872 1582 952 1603 perfecta
960 1581 1008 1598 omni

879 1612 894 1625 57
