4252 6112
921 488 1202 555 -217„

191 679 264 742 sias
281 675 472 760 Syrovicii,
492 673 728 738 Ostrovadicii
748 693 790 736 ac
806 674 1023 736 Domasovii.
1062 671 1065 774 1
1103 673 1244 755 gentiiS,
1258 673 1376 754 quoad
1389 671 1625 754 fieripoterat‚
1638 694 1708 736 non
1721 675 1931 737 mederetur.

191 799 321 881 Quoad
338 800 480 860 domum
491 796 569 877 Dei,
587 796 687 858 cuius
704 795 868 857 decorem
884 814 1025 876 semper
1062 783 1065 891 {
1104 793 1328 876 Singularem
1351 795 1426 857 eius
1449 795 1484 856 in
1507 795 1660 857 omnium
1684 795 1808 857 animis
1832 816 1932 860 reve·

192 920 335 1001 dilexit,
359 938 428 981 non
453 919 565 979 solum
590 917 685 979 intus
709 916 826 978 omnia
851 917 1024 979 ecclesiae
1062 894 1065 989 1
1102 917 1934 1001 rentiam,tantisvirtutibuspromeritam,itera-

192 1040 454 1105 monasterialis
477 1048 676 1101 restaurata
699 1037 809 1119 fuere,
833 1038 885 1100 uti
909 1038 1023 1119 stalla,
1062 1030 1065 1121 1
1103 1048 1161 1102 tae
1183 1039 1390 1102 occasiones
1413 1039 1625 1121 patefecere.
1650 1037 1709 1102 Sic
1732 1060 1824 1102 anno
1850 1046 1925 1103 1861

193 1164 472 1242 tabernaculum,
486 1160 688 1243 sacrarium,
704 1180 827 1222 verum
844 1160 950 1222 etiam
964 1180 1024 1222 an·
1062 1136 1066 1241 1
1103 1163 1217 1224 redux
1238 1181 1345 1224 sanus
1369 1182 1414 1224 ex
1434 1162 1571 1224 balneis
1593 1161 1934 1247 Graefenbergensi-

193 1307 239 1350 no
259 1290 336 1347 1803
352 1293 471 1347 statua
482 1282 680 1345 fundatoris
693 1302 784 1346 mon.
797 1281 908 1344 nostri
925 1281 1025 1344 ducis
1063 1261 1066 1321 1
1104 1286 1181 1366 bus,
1198 1284 1326 1365 quibus
1344 1250 1534 1365 desperata
1551 1285 1620 1347 iam
1636 1286 1750 1348 salute
1766 1306 1851 1348 usus
1869 1295 1933 1370 est,

192 1407 360 1471 Btetislai
384 1427 404 1468 e
428 1425 600 1468 marmore
622 1403 756 1467 affabre
780 1405 969 1486 exsculpta
990 1413 1026 1466 et
1104 1405 1337 1487 gratulatorio
1352 1405 1505 1467 carmine
1522 1406 1696 1468 salutatus
1712 1406 1788 1488 fuit,
1806 1407 1933 1469 eodem

194 1530 286 1591 duae
303 1527 476 1609 imagines
494 1546 520 1588 s,
537 1527 724 1588 Benedicti
741 1536 777 1589 et
793 1548 819 1589 s
835 1524 1026 1589 Scholasti·
1065 1528 1067 1549 ²
1105 1529 1210 1589 modo
1227 1527 1443 1590 sollemniter
1454 1529 1647 1590 honoratus
1660 1539 1715 1591 est
1731 1548 1823 1591 anno
1841 1534 1932 1611 1865,

194 1671 272 1732 cae,
302 1671 322 1712 a
349 1648 473 1731 peritis
502 1648 684 1729 utriusque
708 1648 794 1709 artis
816 1647 916 1729 viris,
940 1648 1027 1710 Max
1106 1670 1175 1730 quo
1193 1649 1526 1732 quinquagesimum
1547 1649 1676 1712 aetatis
1697 1670 1782 1712 suae
1802 1672 1933 1714 annum

193 1771 370 1854 Pragensi
396 1772 574 1852 sculptore
600 1781 636 1832 et
657 1770 810 1832 Fiihrich
832 1769 1026 1831 Viennensi
1066 1808 1067 1815 .
1106 1771 1286 1853 attigerat,
1304 1784 1339 1834 et
1356 1771 1517 1852 profecto
1537 1809 1580 1817 -
1600 1771 1650 1833 sic
1667 1781 1738 1834 stat
1755 1773 1933 1836 sententia

194 1896 341 1976 pictore,
365 1892 504 1975 magnis
521 1892 721 1973 sumptibus
738 1892 944 1985 acquisitae,
967 1893 1026 1953 de·
1065 1976 1068 1995 ,
1106 1893 1460 1955 nostra—unanimis
1472 1893 1619 1956 fratrum
1632 1893 1839 1976 piorumque
1854 1915 1933 1976 pre·

194 2016 694 2098 positoriumparamentorum
704 2035 834 2077 novum
844 2019 1026 2093 ann01878
1065 2040 1068 2077 1
1106 2013 1206 2076 cibus
1228 2036 1249 2075 a
1264 2016 1342 2077 Deo
1364 2016 1592 2097 impetratum
1613 2025 1677 2097 est,
1703 2026 1742 2078 ut
1765 2036 1810 2078 ex
1834 2018 1933 2080 letali

197 2142 416 2220 adaptatum,
434 2138 502 2200 tria
514 2137 647 2200 vexilla
663 2156 765 2218 nova,
783 2136 940 2217 pretiosa
953 2156 1026 2198 um·
1065 2094 1067 2235 1
1105 2139 1228 2198 morbo
1245 2156 1337 2199 anno
1355 2148 1518 2201 currente
1531 2138 1661 2215 iterum¹
1671 2139 1860 2221 convaluit,
1874 2138 1934 2220 qui

195 2262 290 2323 bella
314 2280 378 2341 pro
404 2261 497 2322 festo
520 2259 776 2340 Theophoriae,
802 2261 871 2320 duo
897 2258 1026 2321 calices
1105 2278 1219 2320 annus
1240 2259 1433 2341 vigesimus
1455 2261 1598 2340 quintus
1619 2260 1732 2324 felicis
1751 2261 1933 2344 regiminis

195 2383 287 2463 noui,
310 2384 526 2445 candelabra
546 2392 697 2463 quatuor
719 2383 898 2461 deaurata,
925 2401 1026 2443 casu·
1106 2379 1281 2474 fruntheri
1312 2382 1454 2444 abbatis
1484 2382 1681 2463 opitulante
1714 2383 1782 2445 Dei
1818 2383 1934 2465 gratia

194 2506 249 2566 lae
266 2504 396 2585 variae,
414 2515 560 2566 ornatus
578 2524 667 2565 unus
682 2503 808 2565 coloris
821 2502 1025 2565 violaceiac
1064 2564 1066 2571 ,
1106 2503 1303 2583 completur
1331 2513 1366 2566 et
1393 2503 1598 2566 manifestat
1627 2525 1731 2584 quam
1756 2506 1858 2567 dulce
1888 2506 1933 2568 sit

195 2627 334 2688 demum
344 2625 676 2706 pretiosissimusex
688 2623 948 2706 ,Goldbrocat“
959 2643 1024 2686 nec
1064 2576 1066 2699 1
1105 2634 1141 2686 et
1157 2623 1347 2687 ineundum
1367 2625 1546 2708 ,hahitare
1563 2625 1691 2688 fratres
1708 2628 1774 2688 sub
1790 2627 1853 2689 tali
1870 2648 1932 2709 pa·

195 2767 264 2809 non
296 2746 502 2808 linteamina
528 2745 617 2807 varii
645 2746 787 2827 generis
819 2755 1024 2826 comparata
1063 2786 1065 2845 Ι
1104 2754 1157 2807 tre
1175 2746 1210 2808 in
1227 2748 1364 2809 unumf.

193 2868 302 2932 fuere.
325 2868 408 2929 Pari
425 2867 569 2929 solertia
584 2867 802 2929 bibliotheca
818 2878 939 2930 nostra
951 2888 1025 2929 mu·
1062 2858 1065 2959 1
1190 2868 1381 2929 Kaliwoda
1404 2879 1485 2930 acta
1508 2868 1724 2931 eruditorum
1746 2869 1852 2931 variis
1876 2890 1932 2932 ac·

193 2990 458 3053 nificentissime
476 3000 580 3053 aucta
597 3002 661 3070 est,
679 2989 713 3051 in
727 3010 797 3071 qua
810 2989 892 3052 inde
905 2993 951 3053 ab
964 3011 1024 3053 an·
1062 2988 1064 3077 1
1103 2989 1931 3072 cessionibusaugebatetinsuperduosequen-

193 3132 238 3174 no
260 3116 340 3188 1864
362 3131 497 3173 summa
514 3111 728 3173 voluminum
746 3131 815 3173 non
832 3113 945 3174 solum
962 3113 1023 3174 du·
1062 3087 1064 3179 1
1103 3111 1152 3174 tia
1169 3113 1389 3194 conscripsit,
1411 3132 1501 3193 quae
1523 3113 1557 3174 in
1577 3113 1795 3175 bibliotheca
1810 3115 1930 3175 adser-

192 3235 326 3316 plicata
348 3234 441 3314 (sunt
458 3252 549 3294 nunc
567 3237 681 3310 53.718
700 3231 800 3316 tomi)
821 3234 885 3295 sed
907 3243 942 3296 et
963 3254 1024 3297 no·
1061 3184 1064 3329 1
1102 3247 1239 3316 vantur,
1257 3236 1443 3315 opuscula:

191 3376 274 3418 vum
306 3357 421 3416 locum
454 3355 679 3434 adaptatum,
716 3354 815 3416 libris
850 3356 1022 3419 hodierno
1189 3363 1211 3416 l.
1230 3362 1381 3434 vostrage
1401 3380 1456 3416 aus
1477 3361 1530 3416 der
1552 3360 1929 3434 Religionswissenschas.

191 3497 289 3539 more
300 3475 481 3556 dispositis
495 3496 536 3537 ἃς
550 3475 760 3537 cancellaria
773 3475 945 3539 instructa
955 3486 1013 3539 est
1102 3463 1130 3542 (i.
1145 3484 1172 3521 θ.
1190 3465 1413 3520 praelectiones
1430 3484 1466 3520 CX
1482 3465 1620 3520 (lOCil'ina
1633 3462 1809 3542 religionis.)
1825 3467 1930 3523 Partes

1014 3527 1023 3559 7
1061 3512 1063 3571 1

191 3611 299 3680 atque
316 3597 410 3660 misse
423 3596 498 3659 sere
511 3596 634 3672 florem
652 3598 842 3678 quotannis
856 3598 1023 3679 Operibus
1061 3578 1063 3619 1
1101 3570 1178 3626 (luae
1195 3573 1223 3626 in
1241 3568 1281 3626 26
1299 3568 1495 3625 ternionibus.
1511 3571 1566 3626 Ms.
1585 3589 1654 3644 pap.
1672 3572 1701 3624 in
1717 3576 1760 3641 4⁰.
1778 3573 1842 3626 sine
1858 3589 1928 3646 pag.

1102 3694 1199 3750 comp.
1217 3674 1273 3730 sub
1287 3675 1339 3729 Bn.
1357 3672 1430 3747 576.
1447 3673 1531 3747 Sign.
1549 3675 1626 3749 FJK.
1644 3674 1681 3729 ΙΙ.
1700 3692 1725 3730 α.
1743 3674 1880 3746 32-58.

192 3721 418 3800 acqun'endls
436 3720 696 3800 stupendunfflr’
719 3729 881 3801 exceptls
897 3721 1023 3782 blbho'
1188 3780 1225 3834 11.
1240 3778 1419 3834 Brihmische
1432 3779 1786 3851 Litteraturgcschichte.
1799 3776 1828 3856 (i.
1839 3798 1865 3834 e.
1875 3779 1929 3834 Hi·

159 3917 167 3941 t
193 3842 279 3924 pegi
295 3840 501 3903 rationibus
526 3841 566 3902 In
593 3840 721 3921 qnibus
742 3842 905 3904 omnibus
930 3841 1023 3903 curis
1102 3885 1196 3938 storia
1208 3884 1394 3939 litteraturae
1407 3882 1538 3938 slavicae
1550 3901 1639 3956 quam
1653 3883 1802 3957 praelegit
1814 3896 1844 3938 et
1857 3902 1928 3939 con·

193 3973 229 4025 et
260 3963 413 4044 negotiis
444 3983 509 4044 1)Γο
536 3965 695 4024 ornanda
723 3962 886 4025 00e¹¹0bii
912 3963 1023 4026 ss05tfi
1102 3984 1245 4063 scripsit.)
1268 3988 1355 4042 Fasc.
1373 3990 1401 4042 in
1419 3985 1459 4043 8⁰.
1478 4005 1576 4061 comp.
1593 3988 1657 4041 sine
1674 4005 1743 4061 pag.
1760 3987 1837 4042 Msn.
1856 3984 1927 4059 692.

193 4085 406 4166 supellectili
432 4105 515 4147 cura
539 4085 743 4168 animarum,
765 4096 838 4147 tum
863 4085 1021 4167 fratrum,
1102 4083 1185 4164 Sign.
1202 4092 1279 4166 FsK.
1297 4092 1319 4145 l.
1337 4090 1365 4145 d.
1384 4089 1433 4146 26.

192 4208 1023 4291 tumpopulinunquamfuitneglecta,inprimis
1060 4258 1063 4313 ,
1187 4200 1521 4273 Kaltenbrunner
1551 4212 1795 4275 Alexander
1831 4202 1928 4294 (Ad-

193 4332 347 4409 scholae‚
361 4331 584 4393 seminarium
599 4331 693 4393 vitae
707 4351 897 4412 puerorum
910 4331 1022 4394 omnis
1061 4318 1063 4411 1
1102 4329 1358 4411 montensis),
1375 4341 1479 4392 natus
1497 4351 1543 4408 19.
1554 4330 1643 4392 Nov.
1658 4336 1748 4413 1798,
1762 4330 1930 4414 religiosa

193 4473 278 4514 cura
294 4452 453 4515 adhibita
470 4464 533 4531 est,
555 4452 590 4513 id
612 4454 707 4533 quod
728 4472 797 4514 non
818 4454 930 4515 solum
951 4475 1022 4516 me·
1061 4418 1063 4531 1
1102 4451 1322 4532 professione
1344 4451 1458 4513 ordini
1482 4452 1673 4514 adstrictus
1697 4458 1725 4515 8.
1744 4451 1822 4517 Oct.
1848 4459 1929 4516 1820

193 4574 270 4636 dias
294 4575 386 4637 inter
407 4573 694 4655 perturbationes
715 4575 847 4656 civileS,
871 4576 1022 4638 retentio
1061 4538 1063 4613 1
1102 4584 1137 4636 et
1158 4593 1250 4636 anno
1271 4574 1434 4655 sequenti
1458 4594 1485 4652 7.
1503 4572 1582 4638 Oct.
1604 4574 1767 4655 primitiis
1791 4575 1928 4637 sollem-

191 4696 295 4758 huius
317 4708 526 4776 patronatus
542 4698 637 4758 haud
654 4716 778 4777 parum
796 4697 946 4779 onerosi,
962 4718 1022 4760 ve·
1060 4698 1063 4819 1
1101 4696 1192 4759 niter
1208 4697 1396 4758 celebratis
1413 4705 1524 4759 totam
1540 4695 1650 4758 vitam
1671 4696 1927 4759 sacerdotalem
1971 4699 1979 4721 ⁹

192 4840 268 4882 rum
286 4820 392 4882 etiam
405 4818 479 4880 fere
493 4817 683 4898 quotannis
695 4818 898 4898 procuratio
911 4820 1020 4880 omni·
1060 4822 1063 4917 1
1101 4816 1275 4880 iuventuti
1292 4817 1506 4879 erudiendae
1524 4816 1703 4879 dedicavit
1724 4816 1760 4878 in
1780 4835 1927 4898 gymna-

192 4942 318 5002 modae
337 4940 569 5022 supellectilis
585 4949 620 5002 et
637 4939 841 5002 adiumenta
857 4941 1021 5022 pauperi·
1060 5018 1063 5041 Ι
1101 4939 1153 5001 sio
1170 4940 1453 5021 Iudenburgensi
1470 4951 1505 5001 et
1523 4938 1726 5021 Graecensi,
1747 4938 1804 5001 cui
1821 4937 1927 4999 etiam

191 5065 258 5124 bus
274 5062 310 5125 in
326 5062 496 5143 vestibus,
514 5061 761 5123 calceamentis
778 5070 844 5123 etc.
863 5061 1022 5123 exhibita
1060 5048 1063 5131 1
1101 5061 1255 5123 director
1277 5071 1441 5142 praeerat
1464 5064 1509 5122 ab
1534 5079 1625 5123 anno
1646 5065 1726 5139 1849
1748 5080 1860 5142 usque
1881 5062 1927 5123 ad

192 5193 378 5246 testantur.
403 5183 532 5245 Merito
553 5183 662 5264 igitur
683 5181 887 5246 Guntherus
908 5184 1021 5245 abbas
1060 5136 1063 5295 1
1101 5182 1246 5262 obitum,
1276 5202 1382 5263 quum
1410 5182 1520 5244 febris
1546 5184 1702 5264 typhosa
1728 5202 1808 5244 eum
1834 5183 1927 5246 abri-

192 5326 256 5368 ceu
273 5317 376 5386 pater
389 5308 434 5366 ab
448 5304 609 5367 omnibus
622 5306 823 5367 honoratur.
837 5304 1022 5367 Neminem
1060 5298 1063 5411 1
1101 5314 1202 5387 peret
1219 5326 1246 5367 2.
1265 5303 1345 5369 Oct.
1366 5309 1455 5382 1854.
1477 5305 1685 5367 Alexander
1701 5304 1791 5367 inter
1806 5306 1928 5369 docto-

192 5428 283 5490 enim
301 5428 466 5489 miserum
484 5448 640 5509 unquam
657 5427 799 5509 dimisit,
816 5427 915 5490 cuius
932 5427 1020 5488 indi·
1060 5418 1064 5501 1
1100 5446 1156 5489 res
1169 5427 1428 5508 philosophiae,
1441 5427 1583 5489 sodales
1596 5428 1926 5490 soc.0economicae

1670 5532 1702 5580 28
