4222 6106
886 475 1167 545 ,131-

122 680 171 735 et
194 662 338 727 omissa
354 662 527 725 exercitia
542 662 729 745 regularia.
747 661 912 724 Accessit
924 681 985 723 an·
1024 670 1027 725 t
1064 655 1131 718 nisi
1141 656 1247 717 etiam
1259 655 1461 718 immunitas
1474 654 1718 718 ecclesiastica
1731 675 1896 738 eousque

120 803 270 856 nonae
300 785 431 848 caritas
459 786 505 847 ab
532 785 712 847 hominum
739 783 908 846 memoria
935 783 985 846 111-
1025 743 1027 774 Ι
1065 799 1086 840 1
1110 777 1293 840 catholicis
1317 777 1537 858 principibus
1553 787 1676 839 sancte
1693 779 1894 859 observata,

114 908 286 988 audita,
307 919 348 970 ut
363 924 456 970 anno
477 925 553 987 1771
575 916 612 970 et
631 925 709 986 1772
732 906 844 969 nuntii
865 906 986 968 tristes
1025 893 1028 993 ξ
1064 900 1173 963 variis
1189 900 1346 981 dirisque
1362 900 1476 962 modis
1496 899 1664 962 lacessita
1680 909 1716 962 et
1731 901 1896 963 restricta

114 1038 187 1099 de
209 1031 291 1094 vita
305 1029 592 1111 periclitantibus
608 1031 655 1092 ob
670 1029 787 1092 victus
803 1029 985 1110 penuriam
1025 1038 1028 1119 f
1066 1033 1171 1086 esset.
1196 1023 1389 1084 Praeterea
1411 1022 1643 1084 dominiorum
1666 1021 1800 1102 passim
1821 1023 1895 1085 vio·

114 1155 389 1222 adferrentur.
404 1152 616 1216 Vindemiae
630 1171 771 1235 quoque
788 1172 852 1234 per
867 1152 987 1233 plures
1065 1147 1138 1208 lata
1155 1146 1239 1226 iura,
1253 1147 1429 1227 abrogata·
1439 1144 1685 1225 antiquissima
1696 1144 1894 1229 privilegia,

112 1296 267 1344 annos
285 1287 360 1338 tarn
384 1276 538 1358 exiguus
562 1285 638 1337 erat
659 1284 865 1355 proventus,
887 1285 925 1335 ut
940 1274 986 1335 ad
1025 1332 1028 1349 ,
1066 1270 1281 1331 concordata
1297 1268 1387 1329 inter
1403 1267 1583 1347 principes
1603 1276 1639 1329 et
1655 1266 1799 1330 ordines
1815 1288 1895 1348 pro·

112 1397 335 1485 proprium
362 1416 465 1459 usum
487 1397 571 1459 vina
594 1415 677 1458 caro
704 1395 819 1477 pretio
847 1394 988 1458 emendi
1065 1390 1261 1458 vinciarum
1274 1392 1451 1471 quondam
1467 1389 1554 1452 inita
1567 1399 1603 1452 et
1617 1409 1710 1452 nunc
1726 1391 1896 1470 perfricta

116 1524 235 1585 dira
249 1530 458 1602 exsurgeret
474 1518 680 1582 necessitas.
705 1519 739 1580 A
760 1517 847 1581 foris
867 1516 986 1580 acerbi
1025 1494 1027 1573 1
1066 1523 1102 1575 et
1119 1512 1218 1610 nihili
1239 1512 1426 1574 aestimata
1441 1492 1596 1575 Martino
1617 1513 1808 1576 immensos
1830 1534 1895 1595 pro

117 1643 269 1707 nuntii
294 1642 340 1705 de
366 1642 547 1722 domibus,
579 1660 672 1722 quae
699 1642 745 1702 ad
773 1662 799 1704 s.
826 1641 985 1702 Blasium
1065 1636 1119 1698 sui
1136 1645 1172 1697 et
1188 1635 1374 1698 anterioris
1391 1636 1539 1698 Austria
1551 1637 1801 1700 coenobiorum
1814 1657 1896 1700 con-

121 1765 378 1848 spectabant,
402 1763 568 1826 incendio
589 1762 819 1845 consumptis
836 1762 933 1845 agris
949 1772 985 1824 et
1064 1759 1265 1821 servatione
1293 1759 1522 1821 conciverunt
1548 1761 1690 1822 labores
1717 1770 1753 1823 et
1780 1780 1894 1824 curas,

128 1887 271 1951 vineis
281 1885 455 1969 grandine
468 1884 676 1966 devastatis,
693 1885 750 1948 lue
764 1885 799 1947 in
811 1885 985 1967 gregibus
1064 1879 1206 1944 Subditi
1217 1882 1449 1944 dominiorum
1463 1882 1611 1963 imperia
1624 1901 1802 1965 respuere,
1813 1903 1895 1946 vec·

130 2028 323 2088 pecorum
347 2017 536 2090 grassante
556 2008 710 2071 animum
732 2007 875 2069 abbatis
896 2004 985 2068 11111-
1065 2004 1203 2086 tigalia,
1228 2005 1361 2067 tributa
1385 2015 1421 2067 et
1444 2025 1688 2087 quaecumque
1711 2015 1895 2087 praestare

133 2142 294 2193 xerunt.
317 2127 464 2193 Steinae
480 2129 583 2211 intra,
600 2139 636 2192 et
651 2129 769 2191 Albae
792 2138 895 2191 extra
911 2148 985 2190 mu·
1024 2112 1026 2171 1
1064 2127 1158 2189 soliti
1175 2138 1285 2208 erant,
1303 2129 1469 2209 abnuere,
1492 2139 1528 2191 et
1544 2128 1716 2210 quidquid
1737 2130 1894 2208 lubebat,

136 2268 213 2313 ros
238 2274 261 2315 s.
272 2251 381 2315 Blasii
398 2250 587 2314 defluentis
599 2251 783 2314 inundatio
796 2270 888 2313 anno
906 2255 985 2330 1778
1024 2236 1027 2351 1
1065 2259 1241 2312 attentare
1263 2249 1339 2312 ausi
1360 2259 1451 2312 sunt.
1475 2251 1641 2313 Accessit
1662 2252 1709 2313 ad
1724 2252 1895 2314 malorum

130 2385 298 2447 praeter
318 2375 446 2456 ingens
463 2373 712 2436 detrimentum
733 2373 856 2454 pratis,
879 2373 986 2456 lignis
1024 2365 1027 2517 ,
1066 2374 1242 2434 cumulum
1266 2373 1489 2435 detestabilis
1515 2372 1666 2454 perfidia
1693 2393 1801 2455 supra
1824 2394 1895 2436 me-

125 2500 157 2552 et
196 2497 276 2559 viis
295 2495 448 2594 publicis
468 2495 707 2577 importatum,
728 2504 874 2576 pontem
896 2514 915 2557 e
936 2496 986 2557 la·
1065 2494 1191 2556 morati
1208 2495 1368 2557 Marcelli
1384 2493 1602 2558 Gracnicher
1621 2505 1657 2558 et
1678 2496 1809 2578 ingrati
1826 2498 1895 2560 cle-

118 2609 300 2689 pidibus
315 2618 462 2700 quadris
477 2617 595 2680 Albae
611 2617 826 2699 impositum,
848 2617 908 2699 qui
926 2617 986 2679 de·
1024 2528 1027 2687 i
1064 2616 1137 2696 rici,
1155 2617 1224 2698 qui,
1242 2617 1404 2698 quamvis
1421 2617 1561 2680 titulum
1577 2637 1721 2681 mensae
1736 2639 1758 2681 a
1774 2639 1801 2683 s.
1815 2619 1896 2682 Bla-

115 2740 335 2803 cennmille
346 2739 491 2803 florenis
503 2748 662 2821 steterat,
672 2738 833 2801 funditus
846 2738 985 2801 evertit.
1024 2692 1027 2841 i
1065 2737 1118 2800 sio
1139 2738 1328 2820 acceperit,
1350 2758 1377 2803 5.
1395 2738 1506 2800 Blasii
1530 2740 1692 2802 subditos
1716 2741 1895 2804 concitare

112 2852 250 2924 Post
262 2861 400 2943 fulmen,
422 2880 493 2943 quo
513 2861 670 2923 secunda
685 2861 764 2924 vice
786 2880 878 2923 111110
905 2866 984 2940 1775
1023 2844 1027 2931 i
1064 2851 1257 2942 adgressus
1269 2871 1334 2941 est,
1345 2869 1393 2938 ut,
1406 2860 1547 2923 abiecto
1561 2860 1643 2943 iugo
1656 2861 1835 2942 Blasian0,
1849 2865 1895 2925 ad

112 2972 218 3041 die
235 2986 260 3046 ὁ.
271 2984 343 3048 Iun.
358 2985 403 3046 de
415 3002 520 3046 mane
536 2983 572 3046 in
584 2985 693 3046 aedes
704 2983 831 3065 portae
843 2984 986 3047 maioris
1024 2940 1027 3069 i
1064 2983 1895 3066 libertatemAustriacamadspirarent,sedcum

112 3097 986 3187 inlapsumfuit,consumenstectumampliaedi-
1024 3078 1027 3215 i
1065 3105 1216 3187 insulsis,
1237 3105 1372 3168 frivolis
1393 3116 1429 3168 et
1450 3106 1675 3168 calumniosis
1700 3107 1853 3186 querelis
1875 3127 1896 3168 a

1024 3220 1027 3251 ¹
1065 3247 1231 3309 supremo
1239 3228 1377 3308 imperii
1388 3227 1492 3290 aulici
1505 3237 1631 3290 senatu
1641 3248 1720 3290 cum
1732 3228 1895 3310 indigna·

115 3215 364 3291 ficiirecens
379 3227 501 3307 erecti,
522 3227 714 3290 exterritus
734 3228 781 3289 ad
801 3228 986 3309 expositos

122 3356 278 3425 patres
301 3350 393 3414 inter
420 3349 492 3412 alia
513 3349 671 3431 scripsit:
698 3348 985 3433 ,Misericordiae
1065 3350 1161 3413 tione
1186 3350 1339 3412 reiectus
1364 3360 1428 3414 est.
1452 3349 1547 3431 Quid
1571 3350 1706 3431 mirum,
1730 3350 1760 3411 si
1781 3360 1835 3413 tot
1859 3360 1894 3412 et

127 3463 306 3554 Domini,
318 3472 403 3554 quia
414 3490 485 3534 non
502 3490 622 3534 sumus
636 3471 868 3554 consumpti“.
885 3470 986 3533 Eius·
1064 3473 1173 3534 tantis
1194 3490 1387 3554 oppressus
1413 3472 1673 3534 calamitatibus
1696 3473 1809 3534 abbas
1831 3492 1894 3552 pu-

136 3589 256 3652 nodi
265 3593 471 3657 malaaDeo
483 3612 549 3675 per
556 3593 650 3656 vires
659 3603 806 3656 naturae
819 3593 985 3674 immissa,
1064 3593 1157 3656 blice
1173 3593 1356 3675 professus
1373 3603 1441 3656 est:
1468 3593 1545 3676 ,Nil
1560 3593 1739 3656 lubentius
1755 3593 1893 3656 facere-

142 3705 248 3774 licet
262 3715 478 3798 gravissima,
500 3714 618 3807 mitius
639 3715 846 3796 plerumque
867 3713 985 3795 perfe-
1063 3736 1150 3798 111115,
1174 3736 1280 3798 quam
1303 3714 1431 3796 officio,
1456 3715 1490 3778 in
1515 3735 1584 3797 quo
1609 3716 1767 3797 quotidie
1791 3717 1894 3778 novis

151 3843 287 3920 mntur,
306 3857 412 3920 quam
432 3836 592 3918 nequitia
607 3836 788 3899 hominum
808 3836 984 3899 intentata
1021 3822 1024 3889 1
1062 3837 1242 3901 obruimur
1257 3837 1368 3919 malis,
1386 3847 1513 3918 sponte
1530 3837 1689 3901 cedere“.
1712 3837 1820 3920 Piget
1836 3837 1893 3900 hic

158 3960 200 4010 et
232 3953 357 4042 inflicta,
385 3978 605 4042 aequorum
632 3960 784 4041 plurima
810 3960 982 4040 optimum
1061 3961 1208 4042 addere,
1236 3959 1407 4041 optimum
1435 3969 1573 4041 patrem
1601 3970 1744 4042 praeter
1769 3961 1892 4024 hostes

163 4083 350 4146 praesulem
366 4083 621 4164 percellebant.
647 4080 707 4146 Sic
727 4083 797 4164 ipsi
813 4083 981 4145 acerbum
1020 4098 1022 4153 ι
1061 4092 1230 4144 externos
1254 4082 1346 4145 inter
1359 4079 1450 4143 filios
1467 4101 1619 4164 quoque,
1636 4102 1725 4164 quos
1741 4092 1891 4163 paterno

166 4184 309 4267 dolorem
324 4202 445 4267 effecit
460 4205 507 4267 ab
523 4206 605 4266 aula
625 4223 795 4267 caesarea
818 4203 981 4266 aliorum·
1019 4162 1022 4207 ¹
1061 4224 1202 4285 semper
1214 4224 1332 4268 amore
1345 4206 1553 4286 complexus
1567 4216 1631 4288 est,
1648 4205 1890 4278 adversarium

168 4322 230 4382 que
242 4325 436 4408 principum
452 4344 590 4405 exorsa,
608 4327 675 4387 sub
691 4325 855 4406 specioso
871 4324 981 4388 refor·
1060 4327 1171 4389 fuisse
1199 4337 1396 4407 expertum,
1421 4327 1491 4409 qui,
1515 4327 1635 4391 nescio
1664 4348 1734 4409 qua
1762 4328 1891 4409 capitis
1973 4356 1976 4363 ·

168 4438 315 4512 marionis
329 4448 434 4512 titulo
451 4447 631 4510 occultata
647 4446 850 4528 persecutio
867 4447 981 4509 eccle·
1060 4449 1236 4532 vertigine
1260 4451 1436 4527 laborans
1462 4469 1540 4511 cum
1562 4451 1606 4511 de
1631 4449 1772 4513 violatis
1794 4451 1891 4531 capi-

171 4543 241 4624 3ὶῧθ.
271 4569 549 4633 Postulabantur
580 4568 861 4649 conscriptiones
889 4569 981 4630 redi·
1060 4573 1125 4634 tuli
1145 4571 1304 4634 Blasiani
1327 4572 1463 4634 iuribus
1483 4572 1683 4653 somniaret,
1706 4593 1728 4634 a
1752 4573 1891 4635 1101111110

174 4674 254 4749 tuum
277 4700 312 4754 et
333 4701 571 4774 proventuum
595 4711 616 4753 a
641 4690 823 4754 coenobiis
846 4690 982 4752 mendi·
1061 4702 1208 4775 rogatus
1229 4703 1291 4756 aut
1315 4693 1496 4773 impulsus,
1521 4712 1641 4754 eorum
1666 4692 1888 4755 defensorem

178 4807 313 4897 eantium,
321 4814 570 4897 parochiarum
578 4813 786 4893 rectoribus,
796 4823 831 4876 et
843 4814 981 4896 piarum
1062 4833 1169 4896 agere
1185 4816 1320 4894 1010115,
1341 4815 1549 4896 gravamina
1570 4815 1707 4876 occulte
1731 4814 1777 4876 ad
1803 4834 1889 4876 nun-

182 4924 376 5001 soilalitatum
389 4937 753 5009 administratoribus;
771 4947 899 4999 etcum
913 4938 982 4999 cle·
1020 4865 1023 5029 1
1062 4937 1148 5000 tium
1171 4937 1406 5019 apostolicum
1429 4937 1472 4998 D.
1494 4935 1662 4999 Buffalini
1681 4936 1792 4999 Iconii
1817 4937 1889 5018 epi-

84 5112 92 5149 2
184 5060 225 5108 ¹¹¹⁸
240 5060 279 5121 ab
298 5059 479 5144 episcopis
499 5059 700 5141 prohibitus
720 5060 862 5122 tradere
882 5078 982 5122 recu·
1020 5032 1023 5087 1
1061 5079 1208 5140 scopum
1236 5059 1418 5122 Lucernae
1445 5070 1720 5122 commorantem
1753 5059 1889 5129 detulit,

86 5262 96 5269 .
186 5181 671 5261 81191,10111101111111151111110110
684 5181 981 5263 erantinrogatae
1020 5156 1022 5235 1
1061 5181 1121 5262 qui
1141 5181 1423 5262 sapientissimus
1438 5183 1579 5263 praesul
1600 5180 1725 5243 iurium
1747 5182 1889 5245 abbatis

75 5350 87 5367 .
185 5312 239 5360 cum
250 5304 516 5368 comminatione
536 5304 735 5367 exactionis
755 5323 820 5385 per
840 5303 979 5367 milites.
1060 5303 1192 5384 optime
1208 5323 1340 5386 gnarus
1357 5303 1552 5384 inquietum
1566 5306 1611 5367 ab
1624 5303 1748 5366 insano
1761 5324 1889 5386 propo-

181 5419 347 5492 l'olerauda
361 5427 492 5491 fuisset
506 5428 712 5508 temporalis
727 5429 816 5490 haec
832 5426 979 5509 iactura,
1059 5427 1127 5489 sito
1144 5426 1272 5488 litteris
1294 5427 1351 5488 die
1368 5432 1397 5491 8.
1414 5427 1500 5490 Maii
1521 5431 1600 5507 1775
1624 5428 1671 5491 ad
1694 5448 1772 5490 eum
1796 5429 1889 5490 datis

1630 5533 1680 5596 17*
