4252 6112
928 454 1208 525 -2,0-

280 632 430 727 Mayer
465 641 754 726 Leodegarius
781 644 1022 727 (Murensis),

192 770 297 825 natus
322 760 357 824 in
380 762 515 843 oppido
538 760 621 827 Sulz
644 763 808 826 Alsatiae
832 763 1023 846 superioris

198 886 288 964 1686,
314 883 350 945 in
372 883 587 946 monasterio
607 883 766 947 Murensi
790 889 870 964 1699
895 885 1021 948 studiis

191 1025 337 1087 operam
350 1007 435 1068 dare
447 1004 590 1087 incepit,
611 1025 691 1085 1704
704 1026 731 1069 s.
740 1007 865 1070 habitu
877 1007 1021 1070 indutus

192 1137 274 1212 post
290 1149 419 1191 annum
437 1139 522 1191 vota
538 1128 653 1191 emisit
670 1138 706 1191 et
726 1149 802 1209 1711
828 1128 1021 1193 sacerdoti·

191 1252 258 1313 bus
278 1252 497 1334 adgregatus
519 1262 583 1315 est.
609 1250 782 1315 Omnibus
805 1251 880 1315 fere
901 1271 1021 1315 mune-

191 1375 289 1437 ribus
302 1375 337 1437 in
349 1373 562 1436 monasterio
574 1371 783 1454 perfunctus
796 1382 861 1456 est,
878 1394 926 1438 sc.
940 1393 1021 1456 pro·

190 1497 346 1578 fessoris,
373 1494 649 1575 bibliothecarii,
676 1496 823 1577 parochi
849 1496 885 1558 in
911 1496 1021 1559 Hom-

193 1622 295 1703 burg,
312 1618 474 1703 magistri
485 1618 707 1700 novitiorum,
725 1617 908 1682 oeconomi
924 1620 1020 1699 apud

190 1741 322 1822 Muros,
344 1740 533 1803 archivarii
554 1749 590 1803 et
610 1742 754 1803 tandem
775 1744 944 1820 1740-54
960 1741 1020 1802 de·

190 1863 278 1927 cani.
303 1863 551 1925 intercedente
572 1862 694 1925 nuntio
715 1863 913 1944 apostolico
935 1862 1021 1925 Pas·

190 1985 302 2049 sionei
318 1995 445 2066 postea
461 1982 497 2048 S.
513 1984 560 2047 R.
578 1983 617 2048 E.
640 1985 821 2066 cardinali,
846 2004 926 2049 cum
951 2004 1021 2067 quo

191 2127 256 2190 per
271 2117 382 2171 totam
400 2107 509 2170 vitam
525 2106 738 2170 amicissimo
758 2107 903 2171 foedere
924 2107 1021 2170 iunc-

189 2241 247 2293 tus
275 2229 419 2309 mansit,
447 2231 492 2292 ad
520 2229 771 2292 monasterium
799 2249 825 2294 s.
852 2228 1020 2293 Germani

190 2350 342 2414 Lutetiis
358 2350 573 2414 Parisiorum
590 2351 718 2414 missus
740 2361 795 2415 est
815 2357 905 2434 1726,
927 2363 966 2415 ut
985 2352 1021 2415 in

191 2473 345 2535 studium
354 2472 523 2534 biblicum
532 2481 568 2535 et
576 2472 778 2556 liturgicum
791 2474 1020 2537 incumberet.

191 2594 387 2676 Tamquam
402 2593 555 2658 fructum
570 2594 673 2657 huius
689 2595 797 2658 studii
813 2595 925 2659 edidit
941 2601 1019 2676 1737

173 2740 175 2744 ”
193 2718 263 2780 10111
279 2736 301 2779 0
317 2717 550 2800 Ziegelbauer
571 2719 650 2797 (vol.
668 2718 730 2782 ΙΙΙ.
752 2738 787 2800 p.
804 2718 878 2800 boo)
900 2719 1022 2782 lauda·

194 2850 266 2903 tarn
285 2839 589 2922 „Explicationem
606 2839 945 2905 Caeremoniarum“.
966 2842 1021 2903 De

191 2962 270 3044 ipso
283 2962 441 3026 referunt
454 2962 571 3042 etiam,
584 2965 680 3045 quod
693 2963 844 3026 musices
857 2982 921 3026 suo
934 2974 1022 3026 tem·

191 3103 278 3165 pore
304 3084 538 3167 peritissimus
562 3094 647 3148 erat.
678 3086 790 3149 Multa
814 3087 930 3148 adhuc
952 3085 1022 3149 alia

192 3206 333 3289 scripsit
349 3207 479 3289 partim
496 3207 641 3288 propria
657 3206 784 3289 partim
806 3206 1021 3271 confratrum

155 3373 158 3379 -
191 3330 257 3391 sub
273 3327 385 3410 ipsius
402 3329 596 3391 directione
612 3349 727 3410 manu,
745 3349 837 3411 quae
853 3329 1022 3393 memoria

191 3449 300 3533 digna
317 3460 408 3512 sunt.
433 3449 532 3514 Obiit
548 3451 606 3512 die
624 3472 653 3528 9.
670 3451 759 3532 Apr.
782 3456 871 3531 1754.

283 3577 305 3632 I.
323 3575 497 3633 Archivium
513 3578 663 3645 Murcnse‚
684 3592 723 3649 32
743 3578 802 3634 vol.
824 3580 853 3634 111
875 3577 927 3635 101.
945 3597 1021 3653 quo·

193 3700 256 3736 rum
275 3679 314 3738 28
333 3683 486 3738 continent
507 3682 644 3758 exempla
665 3685 794 3738 omniurn
816 3682 1021 3759 diplomatum,

191 3784 439 3842 documentorum
456 3800 525 3853 etc,
547 3801 564 3858 3
590 3787 701 3843 indices
721 3787 880 3863 specialeS,
909 3803 921 3845 1
946 3788 1021 3844 indi·

193 3908 257 3946 cem
274 3892 446 3965 generalem
464 3910 517 3947 seu
535 3894 758 3967 repositorium,
775 3891 884 3950 additis
897 3895 1021 3967 insigni·

191 3993 248 4051 bus
269 3994 410 4051 abbatum
428 4011 457 4053 et
474 3996 725 4053 conventualium.
749 3998 834 4053 Nunc
855 3999 883 4053 in
907 3998 1020 4054 archiv.

191 4097 384 4172 Argoviensi.

279 4203 316 4258 ΙΙ.
342 4204 558 4280 Compendium
584 4205 709 4261 archivii
732 4205 892 4272 Mureusis‚
917 4218 934 4276 3
960 4205 1020 4261 vol.

193 4304 239 4363 8⁰.
261 4320 296 4379 17
300 4320 317 4378 3
322 4321 351 4379 5,
369 4306 406 4362 ad
423 4325 507 4363 usum
524 4306 664 4364 abbatum
682 4309 895 4382 conscriptum.

279 4411 331 4466 ΙΙΙ.
350 4409 507 4467 Annalium
524 4413 590 4468 sive
606 4413 749 4468 historiae
765 4414 939 4468 monasterii
956 4413 1021 4468 Mu·

193 4516 290 4571 tensis
317 4517 503 4572 continuatio
532 4514 760 4590 1693-1731.
788 4530 806 4589 3
832 4515 892 4572 vol.
918 4519 946 4572 in
970 4516 1021 4573 fol.

196 4620 273 4676 ultra
290 4634 373 4692 2300
390 4639 419 4696 p.
445 4622 478 4677 In
493 4621 607 4678 archiv.
624 4622 828 4679 Mure-Gries.

280 4743 330 4800 IV.
353 4743 471 4800 Relatio
493 4762 607 4812 eorum,
628 4763 707 4820 quae
728 4745 941 4800 monasterium
958 4745 1022 4800 Mu·

192 4865 281 4903 rensc
304 4865 359 4924 pro
382 4849 590 4906 conservanda
611 4848 669 4906 fide
689 4848 837 4906 catholica
861 4850 1020 4924 praestitit.

193 4951 227 5007 ln
242 4952 354 5008 archiv.
371 4952 575 5010 Muto-Gries.
592 4953 629 5011 A.
647 4956 669 5011 1.
686 4970 715 5026 4.

279 5074 315 5131 V.
339 5073 512 5150 Epistolare
532 5075 570 5130 ad
592 5094 675 5132 usum
696 5075 839 5133 abbatum
856 5094 913 5152 pro
930 5077 1021 5132 missa

194 5178 366 5251 pontificali.
391 5179 425 5234 ln
441 5181 581 5235 sacristia
597 5179 802 5237 Muto-eries.

233 5300 240 5313 ‘
280 5299 331 5356 VI.
348 5299 573 5357 Falsi·bordoni
590 5301 628 5358 ad
645 5321 728 5359 usum
742 5303 826 5358 chori
838 5303 988 5358 Murensis
1003 5320 1021 5357 a

195 5418 214 5474 4
231 5420 299 5460 voc.
316 5424 382 5460 curn
400 5423 526 5479 organo.
551 5406 584 5461 in
601 5420 728 5462 monast.
746 5405 846 5463 Gries.

1190 643 1255 701 Vll.
1288 644 1406 700 Relatio
1438 644 1476 703 de
1507 647 1704 706 translatione
1737 668 1764 706 s.
1799 654 1948 727 martyris

1103 747 1233 815 Leontii,
1251 767 1299 825 ap.
1317 750 1451 807 Bolland.
1469 750 1547 809 Acta
1563 750 1666 810 Sanct.
1687 768 1736 828 15.
1754 753 1850 832 Sept.

1188 877 1337 973 Mayer
1354 889 1488 953 Lucas
1502 890 1873 978 (San-Blasianus),
1884 917 1944 961 na·

1101 1015 1159 1067 tus
1174 1016 1230 1068 est
1246 1006 1281 1069 in
1294 1005 1590 1093 Giindelwangen
1607 1011 1642 1073 in
1658 1032 1792 1096 magno
1806 1014 1942 1078 ducatu

1101 1126 1259 1192 Badensi
1276 1129 1333 1192 die
1350 1151 1378 1208 9.
1396 1131 1469 1195 Ian.
1491 1151 1587 1211 17743
1604 1152 1631 1196 s.
1647 1134 1773 1197 habitu
1790 1136 1940 1201 indutus

1101 1270 1194 1313 anno
1222 1255 1316 1331 1793ς
1344 1253 1563 1317 sollemniter
1590 1255 1775 1336 professus
1802 1258 1865 1322 die
1888 1281 1937 1323 22.

1100 1372 1205 1436 Febr.
1226 1378 1321 1453 1795;
1339 1376 1507 1439 sacerdos
1523 1377 1583 1439 die
1597 1398 1648 1442 21.
1662 1376 1764 1461 Sept.
1787 1399 1883 1461 1799.
1899 1382 1939 1446 In

1101 1505 1314 1576 paupertate
1331 1506 1445 1579 natus,
1463 1518 1528 1579 per
1540 1500 1629 1562 dura
1641 1509 1677 1563 et
1688 1519 1823 1584 aspera
1835 1524 1937 1587 gym-

1101 1617 1237 1681 nasium
1269 1628 1306 1681 et
1337 1618 1505 1702 Friburgi
1539 1620 1659 1684 studia
1685 1622 1937 1709 philosophica

1100 1740 1264 1821 absolvit,
1290 1740 1501 1824 theologicis
1524 1742 1560 1805 in
1585 1743 1668 1807 divo
1684 1744 1810 1809 Blasio
1833 1750 1937 1812 abso·

1100 1863 1193 1943 lutis,
1209 1863 1245 1926 in
1260 1864 1449 1947 gymnasio
1463 1863 1722 1931 San-Blasiano
1737 1869 1936 1954 professor,

1100 2006 1234 2068 paucos
1265 1989 1475 2050 numerabat
1507 1988 1710 2071 discipulos.
1747 1992 1811 2055 Ab
1843 2014 1936 2058 anno

1105 2111 1186 2170 1800
1217 2118 1295 2170 erat
1327 2108 1510 2197 professor
1535 2109 1679 2194 linguae
1705 2111 1874 2179 Graecae
1902 2117 1937 2180 in

1100 2229 1286 2313 gymnasio
1314 2228 1592 2314 Constantiensi,
1621 2243 1657 2297 et
1683 2234 1837 2299 iuvenes
1865 2249 1937 2301 stu·

1101 2351 1220 2414 diosos
1237 2372 1316 2419 cum
1328 2353 1541 2417 auctoritate
1555 2357 1716 2419 docendo
1729 2368 1766 2420 et
1780 2361 1938 2424 educan-

1102 2474 1147 2536 do
1165 2474 1329 2537 ducebat.
1353 2474 1460 2537 Anno
1481 2479 1560 2554 1804
1578 2475 1789 2541 Constantia
1807 2501 1938 2546 avoca·

1102 2604 1159 2657 tus
1175 2595 1326 2676 primum
1349 2595 1384 2657 in
1400 2596 1581 2679 Todtmos,
1603 2619 1673 2680 quo
1694 2601 1840 2681 plurimi
1860 2604 1938 2666 reli·

1102 2716 1218 2799 gionis
1228 2718 1676 2802 causaperegrinabantur,
1686 2721 1768 2785 dein
1778 2724 1817 2788 in
1827 2723 1938 2790 Ober-

1101 2837 1194 2901 riedt
1214 2837 1408 2901 animarum
1425 2859 1531 2902 curae
1547 2860 1627 2904 sese
1644 2842 1832 2923 impendit.
1850 2845 1939 2911 Coe-

1102 2960 1208 3023 nobio
1232 2980 1259 3025 s.
1281 2960 1393 3023 Blasii
1415 2961 1609 3044 exstincto,
1635 2965 1879 3032 confratribus
1904 2971 1937 3033 in

1102 3081 1284 3145 Austriam
1315 3083 1571 3166 emigrantibus
1598 3087 1710 3150 noluit
1740 3107 1780 3151 se
1813 3093 1938 3156 adiun-

1101 3222 1197 3286 gere,
1214 3205 1359 3285 saepius
1376 3206 1509 3287 quippe
1521 3206 1692 3281 offensus;
1710 3211 1820 3274 etiam
1834 3233 1938 3296 prae·

1100 3323 1273 3389 fecturam
1299 3329 1477 3411 gymnasii
1497 3327 1767 3395 San-Gallensis
1790 3333 1830 3398 in
1852 3336 1938 3400 Hel·

1101 3449 1197 3513 vetia
1212 3452 1361 3513 honeste
1378 3451 1444 3513 sibi
1462 3453 1618 3516 oblatam
1635 3454 1820 3536 suscipere
1837 3477 1939 3521 recu·

1101 3572 1208 3645 savit;
1225 3583 1321 3635 totus
1338 3573 1476 3654 patriae
1492 3574 1664 3648 victurus;
1687 3576 1722 3638 in
1738 3579 1860 3659 patria
1876 3602 1938 3644 au·

1101 3706 1172 3757 tem
1189 3714 1271 3757 mox
1289 3698 1466 3776 parochus
1484 3695 1520 3758 in
1532 3696 1757 3780 Niitgerswil,
1775 3702 1824 3763 ab
1841 3722 1939 3767 anno

1105 3823 1183 3882 1818
1210 3817 1402 3899 parochiae
1425 3819 1460 3880 in
1487 3816 1659 3882 Gurtweil
1683 3820 1852 3903 praefuit,
1876 3826 1941 3888 ubi

1101 3961 1166 4005 sua
1182 3950 1277 4004 sorte
1294 3949 1492 4021 contentus,
1508 3940 1648 4004 felicem
1660 3943 1770 4005 vitam
1786 3948 1940 4027 agebat.

1101 4063 1188 4127 Cum
1216 4083 1308 4126 anno
1339 4067 1418 4140 1814
1447 4064 1687 4126 nosocomium
1710 4065 1865 4130 militum
1889 4068 1941 4131 ibi

1101 4197 1207 4266 esset,
1228 4206 1320 4248 anno
1347 4189 1424 4264 1817
1450 4186 1655 4266 parochiani
1678 4187 1755 4250 dira
1777 4186 1877 4253 fame
1903 4205 1943 4254 et

1100 4307 1221 4389 inopia
1236 4309 1449 4388 laborarent,
1466 4308 1550 4370 nulli
1568 4309 1679 4371 labori
1696 4330 1864 4395 parcens,
1882 4333 1943 4377 so·

1100 4428 1186 4491 latio
1203 4439 1238 4491 et
1258 4430 1391 4493 auxilio
1407 4429 1475 4492 illis
1496 4432 1736 4510 succurrebat,
1761 4445 1943 4513 quantum

1101 4550 1255 4612 valebat.
1286 4550 1502 4634 Ceteroquin
1523 4553 1660 4633 absque
1681 4553 1752 4615 ulla
1773 4563 1944 4619 ostenta·

1101 4671 1197 4734 tione
1214 4670 1331 4736 officia
1347 4674 1430 4736 boni
1447 4673 1601 4756 pastoris
1619 4674 1798 4755 implebat,
1822 4678 1943 4742 otium

1101 4792 1260 4856 scientiis
1281 4795 1464 4876 impendit.
1487 4795 1630 4858 Diutius
1655 4806 1852 4879 aegrotans
1878 4802 1944 4863 de·

1101 4934 1195 4976 mum
1213 4914 1270 4978 die
1291 4921 1338 4980 18.
1350 4916 1424 4979 Iun.
1443 4921 1519 4979 1821
1539 4917 1728 4999 tranquille
1740 4926 1777 4980 et
1788 4919 1944 4999 placide

1102 5055 1148 5098 ex
1164 5037 1230 5099 hac
1244 5037 1318 5100 vita
1330 5038 1495 5120 decessit,
1509 5059 1587 5101 011111
1600 5058 1731 5122 magno
1743 5043 1942 5119 parochia·

1102 5177 1225 5220 norum
1243 5167 1279 5221 et
1295 5158 1489 5221 vicinorum
1508 5159 1615 5222 luctu.
1640 5160 1879 5244 Tneologiam
1904 5165 1943 5229 in

1101 5281 1223 5362 primis
1246 5281 1355 5344 coluit
1375 5281 1569 5363 practicam
1590 5292 1626 5345 et
1647 5284 1881 5368 pastoralem,
1903 5299 1944 5352 et

1102 5403 1137 5464 in
1153 5403 1297 5466 archivo
1314 5404 1487 5485 pastorali
1502 5402 1765 5469 Constantiensi
1786 5410 1944 5491 saepius
