4252 6112
935 453 1215 524 -352-

199 637 264 700 mis
281 638 431 720 gemmis
456 649 590 719 ornata,
615 659 720 721 quam
744 639 961 721 pectoralem
978 638 1029 702 di·
1107 638 1276 720 habuero,
1292 637 1532 701 obedientiam
1550 659 1591 701 ac
1603 640 1869 703 reverentiam
1882 658 1968 722 erga

200 771 293 840 cunt,
318 761 580 824 condecoravit.
612 761 700 823 Tam
724 762 858 842 optime
882 782 960 825 cum
984 764 1029 825 de
1067 750 1070 853 i
1108 759 1348 821 venerabilem
1371 759 1526 841 priorem
1547 771 1709 823 vestrum
1738 761 1966 843 (Adrianum

198 882 313 964 patria
336 895 409 945 tum
434 885 478 944 de
494 883 668 946 asceterio
684 883 811 946 meruit
827 884 951 946 Benno
967 886 1029 945 ab·
1067 884 1070 983 l
1110 878 1275 963 Gretsch)
1308 891 1344 944 et
1374 902 1418 944 ne
1450 903 1471 945 a
1502 903 1683 965 quoquam
1717 884 1966 948 contristetur

197 1006 273 1085 baS,
293 1015 332 1067 ut
348 1005 384 1067 in
399 1005 527 1068 litteris
543 1006 588 1067 de
604 1016 716 1067 morte
734 1005 809 1068 eius
825 1007 871 1067 ad
888 1004 1029 1069 confoe·
1067 1016 1070 1069 l
1109 1014 1254 1084 exopto
1283 1002 1370 1065 Cum
1388 1024 1473 1066 vero
1491 1006 1535 1067 de
1554 1025 1771 1070 successore
1797 1007 1893 1071 mihi
1910 1028 1966 1071 ca-

198 1128 342 1189 deratos
359 1128 451 1189 datis
463 1138 560 1190 recte
574 1128 744 1209 scriptum
757 1129 815 1191 sit:
831 1130 893 1213 ,Id
902 1130 1029 1192 saltem
1067 1124 1070 1201 Ι
1108 1125 1234 1188 nonice
1265 1126 1516 1190 substituendo
1544 1141 1682 1211 agetur,
1716 1129 1817 1192 nihil
1847 1131 1964 1215 magis

198 1250 243 1310 ad
253 1249 367 1310 laudis
377 1250 554 1311 cumulum
567 1250 742 1313 adiecisse
752 1250 1028 1332 sufficiat;quod
1066 1218 1069 1341 i
1108 1246 1282 1329 desidem,
1307 1268 1413 1329 quam
1438 1260 1477 1313 ut
1500 1249 1536 1312 in
1562 1251 1714 1314 caritate
1739 1256 1962 1333 concordes,

198 1371 324 1432 seriem
341 1373 511 1435 abbatum
528 1383 726 1435 nostrorum
740 1372 775 1435 in
788 1374 977 1454 septimum
989 1392 1029 1435 se
1066 1372 1069 1461 l
1108 1372 1301 1432 secundum
1326 1371 1580 1435 conscientiam
1599 1384 1760 1437 vestram
1785 1374 1960 1458 dignissi-

197 1494 470 1573 protendentem
488 1496 667 1557 saeculum
692 1496 913 1578 percurrenti
929 1495 1029 1558 multi
1066 1508 1070 1615 p
1108 1511 1203 1554 mum
1220 1511 1266 1554 ex
1278 1493 1382 1554 vobis
1395 1493 1552 1575 eligatis;
1569 1514 1613 1556 ne
1625 1515 1690 1558 vos
1704 1497 1867 1579 propria
1880 1517 1960 1561 con·

198 1614 341 1696 quidem
357 1635 502 1697 prorsus
518 1616 686 1700 insignes,
704 1628 740 1680 et
757 1620 800 1680 de
813 1618 1028 1681 monasterio
1108 1613 1258 1676 scientia
1274 1624 1404 1697 vestra,
1420 1626 1569 1697 propter
1583 1627 1707 1680 votum
1723 1617 1883 1683 sinistre
1898 1622 1958 1683 da·

1067 1670 1069 1723 Ι

197 1737 328 1818 optime
346 1739 530 1819 promeriti
546 1740 730 1820 praesules
747 1752 944 1823 occurrant,
966 1730 1028 1803 ne·
1067 1762 1070 1837 y
1108 1747 1183 1799 tum
1196 1735 1231 1798 in
1243 1746 1425 1817 posterum
1439 1739 1593 1821 damnet,
1611 1749 1648 1802 et
1660 1759 1776 1803 causa
1792 1744 1956 1806 destruc·

197 1878 254 1922 mo
271 1870 390 1922 autem
408 1880 508 1941 unus,
526 1862 586 1942 qui
598 1861 873 1924 munificentiam
885 1862 920 1924 in
934 1882 1028 1944 suos,
1067 1840 1070 1957 i
1108 1857 1215 1920 tionis
1232 1871 1268 1921 et
1285 1859 1407 1921 ruinae
1420 1861 1531 1923 vestri
1547 1862 1753 1925 monasterii
1771 1863 1852 1946 ipsi
1867 1866 1953 1929 sitis.

197 1992 232 2044 et
249 1983 374 2045 merita
391 1983 573 2045 Bennonis
590 1985 798 2064 adaequet!
831 1985 917 2047 Vita
932 2005 1027 2068 vero,
1107 1979 1255 2042 —Eum
1271 2001 1358 2064 ergo
1375 1983 1547 2045 canonica
1560 1984 1735 2048 electione
1749 1988 1953 2051 substitua-

196 2124 333 2167 morum
344 2108 498 2167 candore
508 2118 544 2167 et
557 2126 727 2168 annorum
740 2108 878 2169 cumulo
891 2109 937 2170 ad
950 2127 1028 2170 nor·
1108 2102 1163 2184 tiS,
1192 2103 1252 2184 qui
1276 2102 1455 2166 intervos
1479 2115 1534 2168 est
1557 2106 1803 2190 dignissimus,
1830 2111 1894 2192 qui
1917 2125 1951 2173 et

195 2244 288 2288 mam
304 2227 586 2308 patriarcharum
598 2228 771 2310 instituta,
789 2240 901 2291 morte
918 2230 1027 2311 patri·
1107 2222 1330 2305 disciplinam
1345 2226 1544 2307 regularem
1559 2239 1657 2292 curet
1671 2239 1708 2292 et
1721 2248 1949 2312 promoveat,

196 2348 313 2410 archis
330 2349 462 2412 usitata
476 2352 673 2413 claudenda
687 2361 773 2413 erat.
796 2350 953 2414 Vulnere
964 2372 1025 2433 pe·
1107 2355 1144 2408 et
1160 2346 1388 2409 oeconomiae
1401 2367 1521 2410 curam
1537 2370 1607 2412 non
1622 2353 1800 2435 negligat.
1813 2393 1859 2401 —
1871 2356 1948 2418 Non

197 2470 252 2531 dis
262 2482 399 2552 sanato,
413 2473 560 2535 materia
573 2473 730 2556 maligna
739 2475 878 2555 corpori
890 2474 1026 2537 inclusa
1107 2467 1187 2550 sint,
1212 2467 1288 2530 filiii
1313 2469 1486 2532 intervos
1510 2473 1763 2538 altereationes
1789 2487 1829 2541 et
1846 2480 1946 2542 dissi·

196 2593 381 2673 pulmones
392 2592 557 2657 affecitet
566 2615 773 2677 gangraena
783 2596 936 2678 denique
945 2616 1026 2659 con·
1106 2589 1174 2671 dia,
1198 2589 1328 2653 fratres
1345 2591 1437 2654 enim
1453 2594 1549 2656 estiS.
1578 2594 1691 2658 Nemo
1709 2610 1876 2662 vestrum
1895 2601 1943 2662 di·

196 2715 330 2778 sumsit.
353 2714 540 2799 Susceptis
554 2717 662 2799 igitur
673 2718 896 2781 morientium
910 2738 1027 2781 sacra·
1106 2724 1179 2773 cat:
1211 2712 1289 2794 Ego
1317 2732 1395 2775 sum
1420 2712 1577 2798 Cephae,
1603 2737 1672 2799 ego
1696 2719 1852 2803 Apollo,
1876 2742 1942 2804 ego

196 2838 323 2899 mentis
340 2858 445 2900 manu
462 2837 609 2901 fratrum
623 2859 774 2903 coronae
787 2840 964 2903 silentium
976 2840 1027 2903 in·
1105 2833 1223 2909 Pauli;
1255 2854 1321 2896 vos
1349 2835 1441 2897 enirn
1465 2856 1587 2900 omnes
1610 2839 1697 2902 estis
1720 2840 1785 2905 filii
1810 2843 1943 2907 Christi

196 2957 297 3039 dixit,
321 2977 400 3021 cum
417 2979 478 3022 eos
499 2961 677 3024 dimittere
692 2982 764 3025 non
785 2974 918 3044 posset,
942 2963 1027 3045 quin
1108 2954 1315 3038 (1·C0rinth·
1334 2978 1359 3039 1,
1378 2960 1438 3040 12)·
1461 2958 1517 3021 De
1532 2970 1651 3024 cetero
1664 2964 1795 3047 valete,
1810 2965 1875 3028 filii
1888 2986 1942 3029 ca·

194 3080 451 3145 benedixisset.
476 3081 715 3164 Loquebatur,
735 3085 897 3164 quamvis
912 3084 1027 3148 fracta
1107 3078 1244 3161 tissimi,
1262 3090 1298 3142 et
1315 3090 1430 3142 estote
1447 3100 1621 3144 memores
1637 3085 1761 3166 patris,
1780 3089 1845 3168 qui
1858 3090 1941 3152 mul-

195 3223 311 3284 paene
327 3223 416 3266 voce
433 3216 541 3285 atque
557 3205 729 3268 moriente
742 3226 812 3287 ore,
830 3216 866 3268 et
883 3207 1026 3286 quidem
1064 3232 1067 3337 ,
1105 3212 1181 3263 tum
1196 3221 1262 3264 vos
1276 3201 1402 3284 diligit,
1416 3205 1633 3286 multumque
1646 3226 1710 3287 pro
1723 3210 1833 3272 vobis
1846 3212 1940 3274 labo·

1106 3323 1207 3405 ravit,
1225 3333 1261 3386 et
1277 3344 1368 3386 nunc
1387 3325 1473 3387 nihil
1489 3327 1603 3409 magis
1620 3329 1813 3413 desiderat,
1836 3355 1940 3416 quam

196 3344 238 3388 eo
256 3326 387 3407 ordine,
405 3345 448 3388 ea
462 3327 617 3409 energia,
635 3348 677 3390 ea
689 3328 829 3410 paterni
842 3330 960 3392 cordis
974 3340 1026 3393 te·
1064 3342 1067 3475 ,

195 3449 404 3529 neritudine,
429 3460 467 3512 ut
487 3449 581 3511 vires
602 3451 773 3512 humanas
793 3453 899 3535 longe
920 3472 1025 3535 supe·
1063 3494 1066 3567 ,
1105 3457 1143 3507 ut
1160 3464 1205 3506 ex
1222 3445 1324 3508 vobis
1341 3447 1516 3510 neminem
1528 3450 1665 3531 perdat,
1683 3453 1748 3513 sed
1764 3471 1893 3518 omnes
1906 3456 1938 3518 in

194 3572 640 3634 rasseomnibusvisussit.
662 3573 1024 3638 Huiusultimaeallo·
1063 3570 1066 3585 '
1104 3567 1220 3649 patria
1232 3568 1358 3631 iterum
1371 3571 1493 3632 videre
1506 3572 1634 3636 valeat.
1656 3572 1751 3635 Nihil
1764 3576 1854 3639 mihi
1866 3579 1940 3640 iam·

194 3693 345 3756 cutionis
370 3695 572 3756 memoriam
590 3696 686 3757 nulla
703 3694 819 3759 Scotis
835 3697 911 3759 dies
929 3699 1023 3760 dele·
1104 3691 1276 3771 reliquum
1298 3702 1361 3773 est,
1387 3713 1491 3774 quarn
1513 3706 1551 3755 ut
1572 3695 1730 3757 ultimam
1747 3699 1937 3777 paternam

193 3815 259 3877 bit:
286 3815 565 3898 „Transiturus“,
582 3817 704 3898 inquit,
729 3820 794 3902 ,de
810 3820 875 3881 hoc
892 3821 1023 3882 mundo

194 3938 240 3998 ad
249 3937 402 4018 Patrem,
417 3950 455 4000 ut
468 3938 526 4019 pie
539 3958 654 4020 spero,
672 3939 794 4002 ultima
807 3939 875 4003 iam
890 3943 936 4003 ad
948 3961 1023 4024 νοε,

193 4056 284 4120 filios
301 4059 511 4140 carissimos
528 4063 639 4122 verba
654 4060 757 4124 facio.
787 4061 873 4125 Cum
891 4064 1023 4127 dilexe-

194 4179 258 4242 rim
271 4201 335 4243 vos
349 4201 498 4264 semper,
513 4202 625 4264 usque
639 4185 684 4245 ad
696 4183 802 4246 finem
815 4185 910 4248 vitae
923 4206 1023 4249 meae

195 4322 259 4365 vos
274 4303 421 4385 diligere
435 4325 558 4388 perg0,
576 4316 611 4367 et
623 4306 708 4367 nihil
721 4307 835 4390 magis
849 4309 1022 4390 desidero,

194 4445 299 4507 quam
316 4437 354 4489 ut
370 4446 435 4489 vos
452 4448 574 4490 omnes
595 4426 686 4491 filios
703 4449 800 4492 meos
822 4431 1023 4495 carissimos

192 4549 319 4613 iterum
345 4550 380 4612 in
408 4551 526 4631 patria
551 4552 718 4633 amplecti
745 4552 895 4635 possim:
928 4556 1022 4635 quod

1104 3814 1387 3876 benedictionem
1416 3816 1518 3877 vobis
1551 3816 1764 3897 impertiar.‘'‘
1802 3820 1938 3885 Ultima

1104 3937 1257 4019 denique
1284 3937 1442 4019 piissime
1470 3938 1652 4001 morientis
1676 3942 1789 4021 patris
1814 3947 1936 4028 verba,

1104 4079 1195 4141 quae
1212 4061 1356 4123 auribus
1372 4061 1574 4124 assistentis
1595 4054 1794 4129 sacerdotis
1817 4068 1936 4153 inges-

1104 4181 1164 4261 sit,
1196 4191 1297 4244 erant
1323 4183 1383 4244 illa
1413 4184 1637 4264 psalmistae:
1671 4186 1846 4253 Paratum
1878 4211 1937 4255 cor

1103 4323 1219 4365 meum
1227 4305 1340 4366 Deus:
1362 4318 1525 4386 paratum
1539 4326 1599 4369 cor
1611 4314 1740 4373 meuml
1760 4313 1818 4376 his
1831 4315 1936 4379 dictis

1102 4426 1194 4488 inter
1209 4427 1459 4490 ardentissima
1472 4430 1588 4491 cordis
1597 4443 1681 4495 vota
1695 4436 1802 4497 rebus
1811 4437 1934 4499 huma·

1102 4550 1155 4611 nis
1171 4550 1411 4633 placidissime
1433 4565 1696 4617 consummatus
1713 4569 1863 4637 ereptus
1880 4568 1935 4621 est

192 4692 278 4735 vero
294 4673 364 4735 alia
379 4672 517 4735 ratione
532 4672 608 4736 fieri
631 4695 701 4737 non
717 4676 859 4757 poterit,
884 4677 952 4738 nisi
968 4697 1022 4739 se·
1060 4658 1063 4713 i
1103 4673 1160 4735 die
1178 4678 1224 4736 15.
1237 4673 1434 4754 Febr.1807
1449 4676 1535 4737 hora
1548 4677 1654 4738 tertia
1665 4695 1780 4760 mane,
1797 4698 1872 4760 qua
1884 4691 1937 4744 tot

192 4796 345 4857 cundum
360 4795 561 4859 institutum
576 4807 733 4859 vestrum
750 4806 786 4860 et
801 4807 895 4881 vota,
912 4798 1021 4861 vitam
1102 4795 1204 4858 annis
1226 4797 1272 4859 ad
1287 4795 1355 4858 Dei
1378 4797 1502 4859 laudes
1525 4799 1758 4860 celebrandas
1782 4810 1936 4865 stratum

190 4918 297 4999 piam,
318 4918 522 5001 religiosam
547 4930 583 4981 et
607 4938 763 4983 sanctam
787 4921 1022 4986 institueritis.
1102 4920 1267 4981 deserere
1281 4919 1476 5001 consuevit,
1489 4920 1594 4981 homo
1604 4938 1774 4983 annorum
1788 4926 1842 5006 85,
1856 4945 1939 5006 pro·

191 5040 265 5103 Iam
286 5040 322 5103 in
342 5051 525 5121 posterum
548 5041 651 5104 vobis
674 5044 846 5122 prodesse
868 5063 938 5106 non
958 5063 1021 5125 po·
1059 5012 1063 5085 i
1101 5040 1217 5104 fessus
1234 5048 1285 5125 67,
1310 5044 1477 5104 sacerdos
1500 5047 1551 5123 oz,
1577 5045 1689 5105 abbas
1713 5064 1753 5121 4²
1776 5049 1936 5111 nondum

1059 5092 1063 5189 l

191 5283 1022 5368 bantmeetmeanxiumtenent.—Praeprimis
1060 5311 1063 5387 ι
1102 5282 1938 5372 ScotensiparochiaeBreitenlee.Scriptaeius

190 5172 278 5242 ter0,
295 5172 331 5225 et
347 5181 438 5243 quae
456 5163 549 5225 circa
563 5183 627 5225 vos
639 5163 759 5226 futura
772 5175 863 5247 sunt,
881 5177 1022 5227 contur·
1101 5164 1367 5245 completorum.
1392 5162 1561 5245 Sepultus
1585 5175 1640 5228 est
1659 5165 1694 5227 in
1715 5171 1937 5233 coemeterio

192 5405 400 5467 commendo
417 5406 529 5487 vobis,
551 5426 663 5489 usque
681 5410 764 5470 dum
780 5427 1021 5471 successorem
1060 5400 1064 5466 i
1103 5407 1366 5490 ascetica,quae
1375 5409 1587 5472 novitiorum
1595 5410 1767 5493 magister
1777 5414 1938 5478 usuifra·
