4222 6106
872 511 915 520 —
958 473 1146 537 LXXXII
1190 511 1233 521 —

315 702 388 767 Sed
412 702 513 784 vigor
536 711 572 764 et
595 700 761 763 alacritas
784 702 928 764 saeculo
951 701 1138 763 undecimo
1162 700 1426 764 reviviscebant
1449 701 1667 766 inflammata
1690 702 1923 765 contentione

185 843 276 905 inter
299 842 486 904 ecclesiam
510 850 546 902 et
569 839 760 903 civitatem.
792 839 882 901 Nam
906 859 977 902 non
1001 840 1113 902 solum
1137 841 1263 922 regula
1286 861 1307 902 a
1330 839 1536 903 clarissimis
1556 840 1782 903 monasteriis
1797 840 1924 903 Hirsa·

185 981 298 1044 viensi
322 990 358 1043 et
380 981 426 1042 ad
450 999 476 1040 s.
498 978 673 1058 Blasium,
706 980 770 1040 sed
802 972 909 1040 etiam
940 979 1094 1040 studium
1125 978 1322 1041 litterarum
1353 980 1562 1042 translatum
1594 988 1650 1041 est
1680 978 1716 1041 in
1747 979 1924 1041 coenobia

186 1119 455 1182 Austriacarum
478 1116 750 1198 provinciarum,
775 1136 866 1197 quae
889 1126 972 1179 sunt
995 1117 1041 1178 ad
1057 1116 1172 1199 Alpes
1195 1096 1297 1197 sitae,
1321 1136 1475 1198 moxque
1491 1117 1658 1199 pulchros
1674 1115 1813 1179 fructus
1829 1117 1921 1178 tulit.

185 1256 375 1321 Constituti
398 1264 480 1318 sunt
503 1256 654 1318 enimin
678 1255 840 1318 omnibus
864 1254 1098 1335 monasteriis,
1122 1255 1181 1337 qui
1205 1256 1313 1318 libros
1337 1258 1382 1318 ad
1399 1275 1456 1319 res
1472 1275 1593 1318 sacras
1609 1255 1676 1317 rite
1692 1256 1922 1338 peragendas

184 1395 403 1459 necessarios
427 1405 463 1457 et
486 1395 627 1457 codices
651 1394 861 1474 scriberent,
894 1413 1041 1475 quorum
1069 1404 1108 1457 ut
1136 1403 1213 1457 erat
1234 1394 1341 1457 lectio
1364 1395 1596 1476 praescripta,
1626 1396 1676 1458 ita
1701 1392 1922 1476 comparatio

184 1544 330 1617 propter
352 1552 501 1616 magnos
525 1542 688 1614 sumptus
711 1531 927 1595 difficillima.
964 1533 1069 1613 Loca,
1093 1533 1128 1595 in
1151 1533 1280 1615 quibus
1303 1533 1384 1595 libri
1408 1532 1695 1614 conficiebantur,
1720 1542 1824 1595 erant
1848 1530 1923 1612 qui-

184 1676 264 1736 dem
286 1673 379 1736 intra
402 1671 564 1734 coenobii
588 1692 723 1752 muros,
755 1672 818 1733 sed
848 1670 935 1734 satis
963 1680 1116 1753 remota,
1148 1681 1197 1752 ut,
1222 1672 1281 1753 qui
1305 1671 1516 1751 scriberent,
1546 1692 1566 1733 a
1593 1671 1765 1734 fratribus
1793 1671 1922 1733 tumul-

184 1822 287 1873 tuosa
320 1811 466 1893 negotia
500 1811 707 1893 gerentibus
742 1830 812 1873 non
847 1813 1082 1874 turbarentur.
1129 1811 1241 1873 Adire
1271 1811 1402 1873 nemini
1436 1811 1569 1873 licebat
1599 1821 1743 1892 praeter
1775 1809 1924 1893 opifices

178 1941 377 2032 ⁸eorumque
393 1950 608 2031 praefectos
632 1952 799 2012 abbatem
824 1960 860 2013 et
880 1950 1077 2031 armarium,
1102 1950 1162 2032 qui
1186 1959 1223 2012 et
1245 1950 1407 2033 proxime
1431 1949 1482 2012 rei
1505 1961 1671 2031 praeerat
1694 1960 1740 2030 et,
1766 1968 1859 2030 quae
1877 1950 1924 2011 ad

184 2088 491 2179 artemscribendi
507 2089 751 2173 pingendique
768 2099 869 2151 erant
885 2089 1096 2169 necessaria,
1121 2092 1352 2171 comparabat
1369 2100 1414 2168 et,
1431 2098 1470 2151 ut
1485 2100 1582 2152 recte
1597 2087 1724 2150 fierent
1740 2087 1924 2169 exempla,

184 2230 342 2291 curabat.
387 2226 633 2290 Describenda
667 2229 780 2290 abbas
816 2229 1029 2290 destinabat.
1076 2227 1254 2292 Scribenti
1288 2229 1346 2291 vel
1386 2228 1660 2310 chirographum
1699 2227 1925 2309 propositum

185 2377 261 2429 erat
284 2366 341 2428 vel
365 2366 523 2428 dictabat
546 2366 727 2428 armarius.
770 2364 908 2446 Quibus
939 2365 974 2428 in
1004 2365 1134 2428 scholis
1158 2365 1225 2428 arti
1249 2365 1474 2428 describendi
1498 2367 1679 2429 instructis
1706 2365 1787 2428 libri
1817 2366 1927 2428 etiam

185 2505 278 2569 notis
307 2503 500 2567 initialibus
524 2514 560 2567 et
583 2504 724 2566 tabellis
753 2504 946 2567 minoribus
970 2507 1236 2568 exornabantur
1259 2514 1296 2568 et
1319 2506 1649 2588 compingebantur.
1695 2505 1855 2568 Maxima
1880 2524 1927 2577 ex

186 2656 287 2728 parte
308 2643 450 2726 quidem
466 2643 727 2725 Evangeliaria,
748 2644 1042 2726 Evangelistaria,
1061 2643 1286 2726 Epistolaria,
1305 2645 1525 2726 Apostolica,
1547 2644 1781 2724 Lectionaria‚
1802 2643 1928 2706 Homi-

185 2783 295 2863 liaria,
318 2782 487 2863 Missalia,
504 2782 679 2861 Plenaria,
699 2782 972 2863 Antiphonaria,
992 2781 1225 2864 Pontificalia,
1246 2781 1467 2863 Calendaria,
1492 2783 1725 2861 Passionalia,
1749 2782 1809 2844 alii
1833 2782 1927 2862 libri,

187 2922 246 3004 qui
273 2924 318 2983 ad
347 2922 477 2985 cultum
506 2921 663 2983 divinum
690 2923 935 3003 peragendum
962 2922 1022 2983 vel
1049 2922 1262 2984 breviarium
1285 2922 1507 2984 recitandum
1530 2921 1719 3003 pertinent,
1744 2920 1928 2983 describe-

186 3062 326 3133 bantur,
351 3080 474 3123 verum
498 3059 604 3121 etiam
629 3079 719 3141 quae
743 3059 961 3141 scripserunt
985 3080 1011 3123 s.
1035 3061 1172 3141 Patres,
1197 3060 1390 3142 praecipue
1414 3081 1440 3123 s.
1462 3059 1687 3142 Augustinus
1718 3070 1755 3122 et
1783 3078 1811 3123 s.
1838 3056 1928 3122 Gre-

186 3199 324 3282 gorius,
363 3208 443 3261 acta
478 3208 688 3281 martyrum,
723 3199 818 3261 vitae
853 3209 1066 3263 sanctorum.
1118 3199 1261 3282 Scripta
1299 3201 1472 3263 clarorum
1510 3200 1775 3282 theologorum,
1814 3217 1928 3279 opera

185 3359 213 3402 s.
229 3337 393 3421 Hugonis
416 3339 461 3400 de
478 3358 504 3402 s.
521 3338 677 3419 Victore,
701 3338 894 3420 praecipue
910 3339 1059 3402 Honorii
1076 3338 1463 3421 Augustodunensis1),
1487 3349 1714 3401 monumenta
1730 3336 1926 3420 insignium

186 3477 270 3539 iuris
294 3477 488 3558 peritorum
511 3475 644 3556 pariter
668 3478 960 3557 proponebantur
983 3496 1048 3539 nec
1073 3496 1141 3538 non
1167 3476 1303 3558 antiqui
1326 3476 1488 3559 magistri
1512 3487 1548 3539 et
1565 3474 1695 3539 Graeci
1712 3483 1748 3537 et
1763 3474 1925 3538 Romani

187 3636 297 3698 saepe
322 3616 626 3678 describebantur.
660 3613 872 3676 Godhardus
897 3614 988 3676 enirn
1011 3616 1124 3676 abbas
1141 3613 1417 3677 cremifanensis
1442 3616 1488 3677 ad
1504 3615 1709 3697 Tegernsee
1732 3612 1926 3696 epistolam

188 3757 265 3817 dat:
293 3753 445 3834 „Mittite
469 3753 572 3815 nobis
595 3753 721 3815 librum
745 3753 885 3816 Horatii
909 3762 945 3816 et
968 3753 1139 3835 epistolas
1155 3753 1267 3816 Tulii“
1285 3752 1310 3836 2)
1336 3765 1371 3817 et
1388 3752 1616 3840 Godofredus
1633 3755 1746 3815 abbas
1763 3752 1928 3815 Admon-

187 3891 298 3956 tensis
321 3895 367 3953 ab
391 3892 516 3954 eodem
533 3892 746 3954 monasterio
762 3892 921 3973 postulat
938 3891 1127 3973 Iosephum
1144 3891 1306 3954 Flavium
1321 3891 1481 3973 aliosque
1504 3890 1614 3952 libros
1628 3893 1663 3969 ³).
1695 3889 1765 3971 Qui
1788 3891 1927 3952 descri-

188 4030 296 4092 bendi
320 4038 420 4091 erant
443 4029 540 4104 libri,
570 4028 681 4091 mutui
704 4031 934 4091 sumebantur
957 4031 1002 4091 ab
1027 4029 1105 4091 aliis
1129 4030 1311 4091 coenobiis
1340 4029 1494 4092 amIcitia
1522 4028 1720 4092 coniunctis
1729 4078 1738 4109 ,
1767 4028 1926 4091 maxime

158 4183 163 4191 ’
188 4190 210 4231 a
225 4169 439 4249 Tegernsee,
464 4156 686 4229 monasteriis
703 4166 897 4247 Bavaricis,
920 4168 1092 4231 coenobio
1116 4171 1161 4230 ad
1185 4188 1211 4230 s.
1228 4169 1383 4231 Petrum.
1417 4169 1537 4250 Atque
1561 4168 1662 4249 ipsae
1684 4166 1930 4231 bibliothecae

190 4307 327 4370 urbium
362 4306 619 4388 episcopalium
654 4304 786 4368 ordinis
819 4307 1002 4369 sodalibus
1036 4309 1226 4390 patebant,
1261 4328 1330 4389 qua
1367 4307 1401 4370 in
1437 4328 1475 4370 re
1512 4306 1722 4389 praesertim
1753 4306 1933 4370 Passavia

189 4445 384 4509 officiosam
408 4466 447 4508 se
470 4446 678 4526 praebebat.
710 4444 800 4507 Nam
815 4447 1005 4508 memoriae
1025 4447 1194 4509 traditum
1210 4457 1265 4510 est
1281 4447 1451 4527 episcopo
1468 4445 1601 4509 Ottone
1626 4465 1645 4507 e
1669 4464 1802 4528 genere
1826 4445 1932 4508 nobi·

188 4585 273 4648 lium
302 4586 346 4646 de
369 4583 546 4646 Loosdorf
569 4594 742 4666 regnante
772 4586 1010 4665 (1254-1265)
1035 4585 1157 4648 abbati
1182 4584 1368 4649 Garstensi
1397 4585 1581 4667 ,pustillos
1605 4583 1737 4646 domini
1760 4583 1932 4666 Hugonis

190 4744 297 4805 super
319 4722 558 4805 psalterium“,
581 4722 690 4804 priori
712 4722 947 4786 Lambacensi
970 4723 1097 4786 librum
1123 4723 1333 4805 „Sermones
1358 4723 1519 4805 magistri
1542 4722 1703 4785 Danielis
1732 4724 1777 4785 de
1802 4724 1932 4787 ordine

190 4859 496 4942 praedicatorum“
525 4880 544 4922 e
571 4860 786 4925 bibliotheca
814 4861 1009 4944 episcopali
1041 4881 1120 4924 esse
1153 4864 1414 4925 commodatum
1429 4865 1463 4941 ⁴).
1508 4860 1607 4942 Quae
1645 4880 1701 4923 ars
1737 4861 1932 4944 scribendi,

322 5089 343 5169 ¹)
367 5092 453 5160 Quae
476 5092 608 5167 scripsit,
633 5093 662 5146 in
686 5088 823 5146 omnibus
847 5090 910 5146 sere
933 5090 1101 5146 Austriacis
1126 5092 1315 5146 monasteriis
1340 5092 1537 5148 inveniuntur.

322 5199 344 5279 2)
369 5204 561 5278 Pachmayer‚
586 5202 689 5260 Series
712 5201 782 5258 abb.
808 5202 968 5259 Cremisan.
994 5204 1015 5259 1.

320 5311 343 5391 ³)
367 5313 543 5371 Thesaurus
566 5314 704 5372 anecdot.
729 5315 778 5372 VI.

321 5423 343 5503 ⁴)
367 5426 498 5482 Monum.
523 5428 605 5484 Boic.
630 5427 740 5482 XXIX.
766 5427 802 5483 II.
