4222 6106
832 543 874 550 —
920 502 1094 565 XXXIII
1139 540 1182 548 -

136 731 332 794 Maximam
355 741 475 793 autem
498 730 569 792 vim
591 729 717 792 habuit
745 731 862 813 bulla,
894 750 1000 812 quam
1032 750 1141 812 supra
1173 729 1540 808 commemoravimus,
1572 726 1760 790 Benedicti
1785 726 1880 807 XII,

139 869 259 950 quiin
283 869 492 932 Bohemiam
517 869 607 931 duos
630 868 768 949 priores
793 869 987 950 ablegavit,
1011 876 1051 930 ut
1074 888 1153 930 cum
1177 869 1309 929 abbate
1334 865 1593 929 Bievnoviensi
1618 876 1654 929 et
1674 865 1882 928 Trebicensi

138 1009 230 1070 hanc
253 1007 386 1069 bullam
411 1016 721 1087 persequerentur.
768 1007 849 1068 Iam·
877 1011 955 1085 1337
990 976 1184 1087 capitulum
1216 1006 1319 1068 huius
1351 1005 1556 1087 provinciae
1587 1005 1746 1067 habitum
1779 1016 1833 1066 est
1849 1007 1882 1084 ¹).

138 1146 218 1208 Hac
246 1145 357 1228 igitur
383 1166 468 1208 cura
495 1165 711 1207 summorum
747 1144 969 1226 pontificum,
1000 1165 1093 1225 quae
1125 1166 1146 1206 a
1176 1143 1303 1206 Carolo
1330 1144 1407 1224 IV.,
1440 1144 1538 1205 cuius
1570 1143 1738 1205 memoria
1768 1144 1884 1204 adhuc

140 1285 176 1346 in
207 1284 334 1347 animis
366 1285 603 1347 Bohemorum
634 1284 756 1366 viget,
788 1284 1043 1364 adiuvabatur,
1074 1284 1168 1345 vires
1203 1282 1335 1345 ordinis
1371 1278 1565 1344 revocatae*
1598 1292 1689 1345 sunt.
1734 1282 1790 1343 Ita
1819 1280 1883 1343 Ca·

140 1423 206 1485 roli
242 1423 303 1486 IV.
339 1443 450 1504 opera
484 1423 738 1484 monasterium
774 1422 1000 1484 Emautinum
1036 1422 1215 1484 conditum
1252 1429 1323 1501 est,
1360 1440 1386 1481 s.
1418 1420 1637 1502 Hieronymo
1669 1421 1882 1501 dedicatum,

141 1561 177 1622 in
200 1562 295 1641 quod
319 1560 465 1642 liturgia
482 1559 634 1642 Slavica,
660 1581 752 1641 quae
769 1561 804 1622 in
821 1559 940 1624 Slavis
964 1561 1178 1623 australibus
1202 1570 1430 1638 remanserat,
1454 1559 1666 1622 auctoritate
1683 1560 1882 1640 apostolica

142 1700 288 1761 inducta
316 1708 381 1761 est.
424 1703 504 1777 1357
536 1698 781 1761 Benedictinis
808 1698 1051 1760 Lombardicis
1080 1718 1210 1760 novum
1240 1698 1491 1759 monasterium
1524 1701 1570 1759 ad
1601 1716 1627 1760 S.
1651 1698 1881 1762 Ambrosium

141 1839 284 1929 Pragae
308 1836 533 1899 aedificatum
559 1847 623 1919 est,
647 1837 683 1899 in
707 1857 777 1918 quo
802 1838 918 1900 cultus
943 1837 1083 1899 divinus
1107 1838 1176 1900 ritu
1200 1801 1457 1898 Mediolanensi
1476 1837 1725 1900 celebrabatur
1739 1838 1773 1917 ²).
1805 1838 1881 1900 Mo-

140 1976 286 2039 nialium
311 1996 455 2058 quoque
480 1997 646 2039 numerus
669 1987 795 2039 auctus
818 1987 883 2038 est.
915 1976 982 2038 His
1006 1976 1099 2038 enim
1123 1975 1337 2038 Pustumerii
1361 1993 1473 2056 prope
1491 1975 1720 2037 Vischaviam
1745 1976 1780 2038 in
1804 1977 1881 2039 Mo-

140 2115 242 2177 ravia
256 2117 281 2195 ³)
306 2125 342 2178 et
365 2114 507 2196 Pragae
532 2115 578 2176 ad
602 2114 660 2177 dei
683 2114 970 2196 misericordiam,
995 2116 1091 2195 quod
1115 2116 1224 2195 vulgo
1248 2114 1501 2177 monasterium
1525 2134 1551 2178 s.
1576 2114 1730 2195 Spiritus
1760 2118 1880 2198 adpel-

140 2255 246 2333 latur,
271 2253 444 2315 coenobia
467 2262 595 2334 parata
618 2263 701 2315 sunt
714 2255 749 2334 ⁴).
796 2253 995 2333 Utrumque
1026 2252 1159 2314 incolas
1190 2254 1235 2314 ab
1267 2252 1413 2332 antiquo
1441 2252 1644 2314 monialium
1667 2254 1883 2316 monasterio

141 2413 169 2455 S.
195 2389 345 2472 Georgii
368 2400 569 2471 acceperat.

276 2527 349 2592 Sed
373 2529 518 2592 ineunte
542 2529 685 2592 saeculo
710 2530 834 2610 quinto
852 2530 989 2591 decimo
1012 2531 1101 2591 haec
1125 2539 1323 2609 temporum
1348 2528 1500 2592 felicitas
1524 2531 1669 2611 proeliis
1692 2532 1882 2613 atrocibus,

142 2686 235 2748 quae
252 2668 391 2730 haeresi
408 2669 567 2750 magistri
585 2667 727 2730 Ioannis
743 2668 868 2730 Hussii
889 2669 1036 2749 eiusque
1057 2669 1298 2730 assecularum
1316 2671 1604 2749 conserebantur,
1624 2689 1797 2732 conversa
1817 2681 1881 2733 est.

274 2806 395 2868 Prima
418 2806 564 2869 abbatia
588 2807 829 2869 Breunovium
852 2827 874 2868 a
899 2793 1003 2868 Zizka
1027 2808 1071 2869 de
1095 2807 1279 2889 Trocnow,
1304 2810 1395 2869 duce
1418 2807 1654 2889 Hussitarum,
1683 2829 1765 2886 14²0
1787 2808 1882 2872 ferro

142 2945 289 3027 ignique
322 2945 439 3007 deleta
471 2956 535 3007 est.
581 2945 686 3007 Multi
715 2945 895 3027 monachi,
927 2945 987 3026 qui
1017 2945 1230 3007 domicilium
1262 2946 1454 3008 defendere
1488 2949 1725 3028 conabantur,
1761 2948 1882 3029 gladio

141 3083 261 3164 occisi,
286 3084 344 3145 alii
369 3083 464 3164 capti
489 3092 526 3145 et
549 3093 698 3164 propter
719 3083 803 3146 fidei
827 3084 1063 3147 constantiam
1087 3084 1163 3166 igni
1186 3085 1342 3147 cremati.
1381 3085 1509 3148 Abbas
1538 3107 1616 3148 cum
1641 3088 1881 3168 compluribus

141 3221 314 3285 fratribus
341 3222 471 3302 partim
494 3221 732 3303 Raigradium
756 3222 886 3304 partim
909 3222 1148 3285 Braunaviam
1173 3222 1387 3304 effugerunt,
1417 3243 1508 3303 quae
1531 3235 1615 3285 tunc
1639 3227 1744 3286 sedes
1769 3225 1881 3306 patris

140 3360 285 3423 abbatis
307 3360 404 3423 facta
427 3371 491 3424 est.
538 3361 654 3423 Etiam
678 3360 851 3422 Policium
874 3381 895 3422 a
919 3361 1125 3458 Bievnovio
1148 3361 1327 3422 conditum
1351 3363 1396 3422 ab
1420 3361 1577 3424 Hussitis
1600 3365 1785 3425 obsessum
1810 3374 1875 3426 est.

141 3498 351 3580 Cladrubia,
381 3519 472 3580 quae
496 3498 623 3562 Carolo
650 3510 825 3581 regnante
856 3508 956 3560 tanto
988 3519 1096 3580 opere
1127 3498 1312 3578 floruerat,
1344 3501 1410 3560 sub
1433 3499 1647 3562 Wenzeslao
1678 3521 1764 3563 vero
1794 3521 1881 3582 rege

142 3637 356 3699 detrimenta
384 3646 540 3718 ceperat,
572 3647 656 3700 tunc
688 3650 897 3720 expugnata
921 3649 956 3700 et
978 3639 1063 3700 belli
1087 3640 1191 3700 sedes
1216 3640 1355 3700 delecta
1379 3649 1443 3701 est.
1488 3639 1597 3700 Peius
1626 3640 1772 3702 coloniis
1802 3612 1886 3702 eius¹

141 3776 398 3856 Tuscbcaviae,
415 3776 699 3860 Pfraumbergio,
723 3777 898 3840 Presticio
922 3777 1062 3856 accidit,
1087 3798 1179 3857 quae
1202 3777 1362 3839 funditus
1386 3797 1511 3840 eversa
1534 3788 1625 3840 sunt.
1654 3779 1765 3841 Porta
1783 3780 1881 3860 Apo-

141 3915 313 3976 stolorum
338 3933 491 3996 quoque,
515 3925 645 3996 potens
668 3916 920 3978 monasterium
945 3927 980 3978 et
1004 3915 1273 3997 praepositurae
1297 3916 1606 3980 Weberschauvia
1637 3927 1673 3980 et
1701 3919 1746 3979 ad
1775 3939 1802 3982 s,
1826 3918 1881 3981 Ia-

141 4056 269 4116 cobum
299 4074 381 4131 1420
404 4054 520 4116 eidem
544 4054 708 4117 fortunae
736 4059 1009 4118 succubuerunt.
1048 4055 1312 4136 Wilemovium,
1342 4054 1442 4116 cuius
1474 4057 1587 4117 abbas
1611 4055 1881 4119 cumfratribus

140 4191 384 4272 Uhercicium,
414 4192 449 4254 in
473 4193 757 4274 praeposituram
780 4195 978 4275 Moraviae,
1008 4193 1189 4276 fugerant,
1215 4193 1377 4273 Sazawa,
1412 4193 1631 4276 Ostrovium,
1665 4194 1881 4277 Schlanium,

141 4331 359 4413 Welitzium,
384 4332 496 4393 Zatou
519 4334 644 4395 eadem
669 4337 756 4396 dura
778 4334 920 4396 fortuna
944 4333 1148 4396 conflictata
1172 4343 1263 4396 sunt.
1309 4333 1425 4394 Etiam
1456 4333 1700 4395 Podladicium
1731 4334 1880 4415 eiusque

140 4469 415 4550 praepositurae
439 4471 620 4552 Albipolis
651 4482 688 4535 et
720 4471 925 4533 Baczinium
956 4471 1066 4533 furori
1096 4470 1251 4533 fanatico
1281 4470 1448 4532 victimae
1481 4471 1695 4534 ceciderunt.
1741 4471 1881 4534 Pariter

141 4608 372 4670 Emautinum
407 4619 443 4671 et
475 4610 521 4670 ad
551 4629 577 4671 s.
609 4609 837 4672 Ambrosium
870 4621 905 4672 et
935 4610 1139 4671 monialium
1171 4610 1343 4671 coenobia
1374 4629 1400 4672 S.
1434 4608 1581 4691 Georgii
1612 4620 1647 4672 et
1680 4629 1706 4670 S.
1739 4609 1880 4671 Ioannis

139 4746 307 4827 Teplitzii
330 4755 440 4826 atque
464 4749 716 4811 monasterium
739 4770 766 4812 s.
792 4747 947 4830 Spiritus
971 4769 992 4810 a
1014 4748 1180 4810 fanaticis
1212 4748 1400 4810 devastata
1427 4758 1510 4811 sunt
1524 4749 1557 4827 ⁵).
1605 4748 1763 4809 Eandem
1794 4766 1880 4809 vero

273 4990 294 5069 ¹)
318 4991 422 5047 Dudik
446 4992 463 5047 Ι.
488 5012 514 5049 c.
540 4995 562 5048 Ι.

273 5103 567 5182 ἢῆΜὶαΠ

272 5212 296 5292 3)
321 5216 422 5272 Dudik
445 5218 462 5274 l.
488 5237 514 5274 c.
539 5219 561 5274 1.

273 5326 295 5405 ⁴)
319 5328 408 5385 Frind
432 5330 450 5386 1.
476 5349 501 5386 c.
527 5331 564 5386 11.

274 5439 296 5518 ⁵)
320 5440 487 5503 Secundum
512 5440 607 5498 Frind
631 5441 648 5498 l.
674 5461 700 5499 c.
725 5442 761 5498 11.
