4252 6112
918 478 1200 546 ,294-

191 685 218 729 s.
235 665 508 746 presbyteratus
529 661 653 726 ordine
675 665 726 726 28.
744 660 823 725 Oct.
845 664 924 740 1798
946 659 1021 723 Me·

190 785 267 850 rani
286 796 466 867 suscepto,
487 805 535 849 11.
552 785 642 848 Nov.
664 784 699 847 in
720 784 837 865 patria
858 803 923 846 sua
938 803 1022 847 neo·

190 918 308 991 mysta
323 909 369 970 ad
386 927 483 970 aram
499 906 610 971 stetit.
633 905 790 969 Primum
813 916 1022 987 cooperato·

190 1030 238 1092 ris
247 1048 391 1091 munere
403 1031 485 1091 ads.
496 1028 688 1090 Martinam
701 1028 737 1091 in
745 1027 925 1110 Passyria,
940 1027 1022 1091 dein

191 1149 404 1233 professoris
416 1150 451 1212 in
463 1150 651 1234 gymnasio
664 1149 867 1213 Meranensi
879 1149 1023 1214 functus

193 1281 257 1336 est.
270 1271 488 1335 Monasterio
501 1282 622 1335 nostro
637 1276 714 1351 1807
726 1291 748 1334 a
760 1271 882 1355 regim.
892 1271 1021 1335 Bavar.

192 1412 385 1476 suppresso
394 1393 429 1457 in
438 1393 1022 1477 lyceoTridentinophilosophiam

193 1515 288 1579 omni
305 1535 383 1578 cum
399 1516 503 1578 laude
524 1514 708 1596 professus
729 1526 794 1579 est.
819 1513 906 1578 Cum
929 1534 1023 1578 anno

198 1642 276 1700 1816
301 1637 524 1719 Franciscus,
550 1636 719 1705 Austriae
742 1637 944 1720 imperator,
971 1656 1023 1699 re·

193 1759 447 1823 staurationem
459 1760 664 1823 monasterii
676 1760 931 1843 benignissime
943 1779 1024 1822 con·

194 1881 370 1963 cessisset,
385 1880 581 1944 confratres
591 1900 636 1944 ex
646 1881 867 1963 dispersione
880 1881 915 1945 in
927 1900 1024 1944 mon·

194 2013 265 2066 tem
289 2023 315 2066 s.
340 2003 477 2066 Mariae
502 2003 683 2066 redierunt
706 2014 742 2066 et
770 2007 817 2066 16.
840 2001 918 2067 Oct.
944 2007 1024 2066 1816

196 2123 360 2188 Carolum
380 2126 549 2187 abbatem
571 2126 765 2208 elegerunt.
789 2123 885 2187 Proh
909 2124 1025 2187 dolori

195 2247 381 2310 Neoeleeti
397 2247 490 2310 enim
507 2256 593 2329 erat,
611 2249 752 2310 domum
768 2247 911 2328 penitus
927 2247 1027 2328 expi-

196 2370 305 2432 latam
326 2379 526 2432 restaurare
551 2380 587 2432 et
608 2388 743 2452 regere.
768 2367 841 2433 Sed
865 2389 931 2431 nec
954 2369 1027 2431 ani·

195 2510 273 2554 mus
301 2491 350 2553 illi
377 2510 443 2553 nec
468 2491 563 2553 vires
587 2490 786 2555 defuerunt.
817 2490 1027 2554 Auxiliante

196 2613 313 2696 gratia
330 2613 459 2694 divina,
475 2632 513 2675 re
530 2623 566 2675 et
578 2613 725 2676 consilio
739 2612 953 2676 confratrum
966 2614 1027 2676 ad·

196 2736 303 2817 iutus,
326 2735 401 2798 iura
416 2735 623 2798 monasterii
638 2736 863 2817 recuperavit
879 2735 1026 2817 eiusque

196 2859 290 2920 bona
307 2857 452 2940 collegit
469 2869 504 2920 et
517 2859 627 2922 auxit.
652 2857 813 2920 Praefuit
828 2857 879 2920 ita
895 2867 931 2920 et
946 2877 1026 2939 pro·

196 2979 262 3042 fuit
286 2978 321 3042 in
345 2980 522 3061 omnibus,
547 2990 586 3042 ut
608 2990 704 3042 certe
729 2979 858 3062 dignus
878 2979 937 3060 sit,
966 2979 1026 3061 qui

196 3092 414 3164 restaurator
429 3101 535 3165 immo
552 3102 678 3165 tertius
694 3101 899 3165 monasterii
916 3100 1026 3164 nostri

196 3223 363 3287 fundator
371 3224 580 3304 appelletur.
594 3224 905 3308 1849gymnasium
911 3223 1027 3286 Mera·

196 3364 316 3426 nense,
340 3344 477 3408 civibus
501 3365 606 3426 opem
630 3357 794 3427 prompte
819 3345 1025 3426 ferentibus,

196 3465 435 3548 amplificavit.
460 3466 575 3549 Quam
591 3470 724 3530 obrem
742 3471 786 3530 de
802 3467 947 3531 civitate
963 3486 1026 3549 op-

195 3589 280 3652 time
300 3589 427 3652 meruit
449 3586 602 3671 eiusque
620 3590 782 3654 meritum
806 3590 852 3652 ad
876 3590 1025 3671 posteri-

196 3712 280 3775 tatis
307 3712 511 3775 memoriam
538 3712 741 3794 pertinebit.
774 3713 908 3775 Eodem
933 3731 1024 3775 anno

196 3833 298 3897 Dom.
323 3856 353 3913 4.
379 3834 473 3917 Aug.
498 3834 689 3897 iubilaeum
713 3835 934 3898 sacerdotale
958 3835 1025 3897 sol-

196 3945 303 4019 lemni
315 3956 384 4018 ritu
395 3956 598 4019 celebravit.
616 3956 685 4019 Per
698 3957 817 4037 plures
830 3976 942 4019 annos
955 3965 1025 4019 sto·

197 4078 321 4139 macho
337 4077 503 4140 laborans
519 4089 602 4141 ante
619 4079 739 4140 oculos
754 4077 944 4159 hospitum,
966 4077 1025 4159 qui

198 4218 277 4261 eum
304 4198 472 4261 visitandi
504 4219 612 4262 causa
643 4201 801 4280 aderant,
834 4199 1026 4282 apoplexia

197 4331 314 4384 tactus
331 4332 366 4383 et
383 4341 409 4382 0.
420 4321 585 4384 unctione
598 4321 763 4402 provisus
776 4321 863 4384 obiit
880 4327 930 4384 23.
940 4322 1026 4384 Maii

201 4447 279 4506 1855
299 4442 427 4505 aetatis
443 4462 528 4505 suae
543 4446 593 4506 81.
610 4443 839 4524 Epitaphium
853 4443 928 4506 eius
939 4444 1026 4506 haec

196 4568 306 4629 habet
315 4567 440 4628 verba:
453 4564 680 4647 „Monasterii
689 4576 916 4647 restaurator,
926 4586 1026 4649 gym-

196 4687 286 4752 nasii
307 4687 529 4751 Meranensis
549 4688 796 4771 amplificator,
821 4689 904 4751 iusti
924 4689 1027 4752 recti-

197 4830 266 4894 que
278 4820 397 4891 tenax,
414 4810 492 4873 aliis
504 4811 608 4890 mitis,
621 4811 759 4894 rigidus
771 4810 869 4875 sibi.“
888 4809 943 4875 Sit
955 4829 1026 4873 me-

196 4934 307 4997 moria
323 4933 399 4996 eius
415 4933 450 4997 in
466 4934 730 4997 benedictione!

283 5075 342 5137 Ad
371 5094 472 5137 usum
500 5094 601 5137 suum
629 5073 663 5137 in
691 5074 794 5156 lyceo
818 5073 1025 5136 Tridentino

197 5198 351 5260 maxima
367 5217 445 5261 cum
463 5197 648 5281 diligentia
665 5207 701 5260 et
717 5217 801 5260 cura
817 5196 973 5277 scripsit:

284 5324 505 5381 Praelectiones
527 5325 763 5401 philosophicae.
786 5325 841 5381 Ms.
862 5331 904 5396 4⁰.
934 5323 1024 5382 1vol.

198 5427 230 5483 ln
246 5427 383 5486 biblioth.
400 5444 528 5486 monast.
545 5430 665 5486 adserv.

1188 654 1311 750 Mayr
1335 663 1616 729 Sebastianus
1641 663 1947 747 (Cremifanen

1102 781 1184 863 sis),
1201 782 1236 844 in
1249 780 1716 864 parochiaSteinerkirchen
1731 781 1792 845 die
1803 803 1858 846 20.
1869 783 1943 847 Ian.

1106 908 1185 982 1845
1199 914 1314 986 natus,
1325 903 1552 987 frequentato
1564 903 1753 988 gymnasio
1767 903 1941 968 Cremifa·

1101 1025 1202 1088 nensi
1225 1046 1252 1090 0.
1272 1026 1397 1090 habitu
1424 1026 1548 1089 (11025.
1567 1027 1662 1109 Aug.
1684 1030 1765 1090 1865
1789 1026 1939 1089 indutus

1102 1148 1371 1229 quadriennium
1388 1147 1625 1230 theologicum
1642 1147 1677 1211 in
1692 1147 1862 1211 instituto
1879 1150 1939 1211 do-

1102 1269 1249 1333 mestico
1260 1271 1307 1332 ad
1319 1289 1347 1332 s.
1356 1269 1511 1333 Floriani
1523 1270 1709 1351 percurrit,
1722 1270 1781 1333 die
1794 1291 1826 1349 9.
1837 1268 1939 1352 Sept.

1107 1395 1187 1470 1869
1208 1402 1294 1455 vota
1315 1391 1499 1455 sollemnia
1521 1391 1638 1454 emisit
1660 1401 1698 1454 et
1719 1391 1779 1454 die
1803 1397 1858 1455 31.
1876 1392 1939 1456 Iul.

1108 1517 1189 1593 1870
1201 1515 1370 1577 sacerdos
1385 1523 1511 1576 unctus
1523 1523 1588 1578 est.
1609 1516 1774 1593 1870—71
1790 1513 1829 1577 in
1842 1513 1937 1577 univ.

1682 1604 1692 1629 Ι

1104 1634 1257 1698 Vindob.
1279 1635 1410 1718 linguis
1429 1634 1687 1699 recentioribus
1707 1655 1859 1717 operam
1880 1637 1940 1698 de·

1104 1755 1170 1831 dit;
1195 1758 1241 1819 ab
1262 1775 1355 1820 anno
1376 1760 1453 1836 1872
1475 1758 1676 1841 linguarum
1699 1758 1940 1822 recentiorum

1105 1887 1141 1942 et
1157 1879 1203 1940 ab
1219 1897 1312 1940 anno
1329 1883 1408 1958 1873
1427 1879 1529 1941 simul
1544 1878 1688 1962 linguae
1701 1878 1940 1943 Germanicae

1105 1999 1287 2081 professor
1303 2000 1338 2063 in
1354 2001 1553 2084 gymnasio,

1194 2166 1315 2231 Edidit
1330 2166 1504 2230 libellum:

1195 2333 1410 2410 Ausgewahlte
1441 2336 1632 2410 Dichtungen
1663 2355 1722 2392 von
1754 2337 1786 2393 P.
1816 2338 1941 2395 Marcus

1106 2438 1225 2496 Holter.
1252 2436 1281 2516 (1.
1303 2459 1329 2496 0.
1354 2440 1497 2496 Poemata
1519 2441 1633 2496 selecta
1653 2441 1685 2496 P.
1702 2442 1796 2497 Marci
1819 2442 1940 2511 Holter,

1106 2541 1238 2619 professi
1251 2543 1505 2623 Cremisanensis.)
1522 2545 1616 2613 Wels,
1635 2545 1739 2602 Druck
1751 2546 1813 2602 und
1827 2547 1942 2623 Vcrlag

1107 2667 1166 2705 von
1182 2648 1299 2723 Johann
1314 2649 1407 2706 Haas.
1429 2649 1519 2723 1877.
1541 2655 1600 2706 12⁰.
1623 2664 1676 2723 171
1698 2669 1727 2726 p.

1193 2849 1469 2945 Mayrhauser
1492 2861 1704 2924 Amandus
1728 2859 1942 2943 (010111110-

1106 2978 1281 3060 nensis),
1312 2989 1419 3041 antea
1449 2978 1600 3042 Ioannes
1631 2978 1694 3041 Eu.
1726 2978 1942 3044 Austriacus

1106 3100 1314 3182 Linciensis,
1331 3100 1388 3162 die
1407 3106 1457 3164 23.
1470 3100 1559 3164 Nov.
1577 3121 1658 3181 1779
1675 3111 1790 3184 natus,
1808 3104 1940 3167 studiis

1106 3222 1283 3306 gymnasii
1307 3231 1343 3285 et
1363 3224 1617 3304 philosophicis
1644 3223 1680 3287 in
1707 3227 1795 3286 urbe
1820 3227 1941 3307 patria

1106 3344 1279 3407 absolutis
1304 3345 1361 3407 die
1386 3366 1436 3422 29.
1453 3344 1675 3427 Septembris
1700 3366 1778 3426 1797
1805 3345 1943 3411 Cremi-

1105 3466 1178 3530 fani
1194 3467 1361 3550 religioso
1373 3467 1532 3529 habitum
1546 3467 1700 3547 indutus,
1718 3468 1776 3530 die
1790 3472 1843 3531 28.
1860 3469 1940 3534 Oct.

1109 3593 1187 3652 1802
1206 3598 1291 3652 vota
1306 3589 1473 3672 religiosa
1494 3590 1653 3653 sollemni
1669 3591 1738 3653 ritu
1755 3611 1942 3674 nuncupa·

1105 3711 1157 3775 vit
1183 3721 1219 3774 et
1245 3716 1283 3774 25
1309 3712 1434 3773 diebus
1459 3722 1541 3793 post
1565 3712 1764 3776 sacerdotio
1788 3724 1940 3777 ornatus

1106 3843 1170 3897 est.
1192 3833 1348 3896 Primum
1365 3844 1576 3915 cooperator
1588 3834 1624 3896 in
1635 3833 1864 3898 Pettenbach
1879 3857 1944 3900 an·

1106 3975 1151 4018 no
1172 3959 1251 4018 1805
1270 3954 1443 4017 Viennam
1461 3956 1599 4038 missus,
1621 3966 1659 4018 ut
1680 3975 1718 4017 se
1739 3957 1786 4017 ad
1808 3958 1945 4023 docen-

1107 4079 1187 4140 dam
1200 4078 1235 4140 in
1246 4077 1408 4140 instituto
1419 4077 1620 4160 theologico
1631 4077 1826 4141 domestico
1841 4082 1946 4144 theo·

1105 4199 1237 4283 logiam
1250 4199 1489 4282 dogmaticam
1498 4208 1742 4281 praepararet;
1762 4204 1843 4281 1807
1859 4223 1947 4285 pro-

1106 4321 1221 4384 fessor
1233 4321 1435 4404 theologiae
1450 4321 1674 4403 dogmaticae
1690 4322 1872 4404 simulque
1888 4345 1946 4389 re·

1106 4444 1248 4527 ligionis
1276 4444 1311 4507 in
1337 4445 1440 4526 lyceo
1469 4444 1741 4527 Cremifanensi,
1770 4448 1816 4506 ab
1846 4467 1947 4513 anno

1112 4570 1191 4628 1816
1208 4586 1370 4629 camerae
1385 4567 1594 4630 tributariae
1610 4568 1824 4651 praefectus,
1845 4591 1946 4637 anno

1111 4692 1189 4767 1817
1215 4708 1236 4749 a
1261 4708 1287 4750 s.
1312 4710 1339 4752 c.
1363 4711 1388 4751 r.
1414 4690 1492 4752 mai.
1510 4690 1539 4752 F
1542 4690 1701 4754 rancisco
1717 4691 1742 4753 I.
1764 4692 1947 4759 Austriae

1105 4811 1318 4893 imperatore
1343 4824 1486 4876 moneta
1509 4833 1618 4876 aurea
1641 4813 1757 4876 media
1779 4833 1847 4895 pro
1872 4818 1949 4900 piis

1105 4935 1240 4998 meritis
1267 4947 1429 5008 ornatus;
1461 4940 1642 5014 1821-24
1666 4946 1817 4999 vacante
1851 4943 1947 5006 sede

1106 5058 1277 5121 abbatiali
1301 5059 1566 5122 administrator
1588 5058 1793 5122 monasterii
1813 5061 1948 5127 trium·

1105 5179 1207 5242 virali
1230 5189 1425 5262 potestate;
1449 5184 1495 5244 ab
1520 5201 1613 5244 anno
1642 5186 1721 5260 1824
1746 5201 1774 5243 c.
1799 5202 1825 5244 r.
1854 5204 1945 5250 con-

1105 5302 1221 5366 victus
1242 5304 1396 5366 director
1419 5313 1455 5367 et
1478 5305 1674 5368 studiorum
1695 5303 1946 5373 Cremifanen·

1106 5426 1193 5489 sium
1210 5427 1445 5507 prodirect0r;
1471 5430 1516 5490 ab
1537 5448 1629 5491 anno
1655 5433 1732 5490 1821
1756 5428 1864 5491 simul
1890 5435 1947 5497 rei
