4252 6112
1007 454 1262 541 ..96-

475 655 508 739 11)
525 655 623 718 Libri
639 655 880 738 manuscripti.

354 829 377 884 I.
399 827 638 884 Commentarius
654 822 685 883 in
701 825 827 882 Arnoldi
843 826 964 883 Corvini
981 828 1026 882 ius
1043 844 1093 882 ca·

266 934 405 989 nonicum
415 950 481 987 cum
490 932 622 1007 epitome
632 932 862 1006 praenotionum
871 933 1092 997 canonicarum,
1147 944 1149 953 ·

267 1055 322 1094 ceu
334 1036 571 1112 supplementum
585 1034 670 1091 titulo
682 1036 779 1110 primo
791 1036 1008 1091 institutionum
1020 1037 1094 1090 iuris

266 1142 402 1197 canonici
427 1139 552 1195 Amoldi
576 1139 700 1197 Corvini
723 1137 899 1213 subrogata.
929 1145 970 1195 20.
997 1154 1040 1212 30
1063 1158 1092 1215 p.

264 1245 369 1317 111.
830 1312 833 1317 ,

352 1350 390 1405 ΙΙ.
406 1350 503 1405 Notae
520 1351 549 1403 in
565 1349 610 1403 ius
627 1349 802 1404 canonicum
818 1347 944 1404 Arnoldi
960 1347 1092 1404 Corvini.

266 1459 307 1509 20.
329 1467 385 1524 132
404 1472 432 1529 p.
450 1453 486 1510 V.
508 1451 554 1508 18.

350 1557 402 1613 111.
427 1556 667 1613 Commentarius
695 1557 724 1611 in
747 1554 873 1612 Arnoldi
898 1555 1019 1612 Corvini
1047 1557 1092 1612 ius

264 1663 451 1717 canonicum.
468 1667 511 1733 40.
529 1661 569 1717 IV
586 1661 668 1716 tomi.
685 1661 722 1718 V.
743 1676 790 1732 10.

349 1765 400 1821 IV.
421 1763 632 1821 Meditationes
653 1765 682 1819 in
702 1766 748 1820 ius
765 1766 941 1820 canonicum
959 1765 1090 1823 Corvim.

264 1875 305 1926 2⁰.
323 1867 383 1942 365
403 1889 431 1946 p.
449 1870 485 1926 V.
503 1883 553 1925 20.

349 1993 385 2049 V.
409 1992 455 2047 De
473 1991 620 2065 fugiendis
637 1991 720 2047 falsis
736 1990 930 2066 praeiudiciis
946 1993 975 2047 in
991 2009 1090 2048 emen-

262 2095 383 2151 datione
399 2095 610 2172 philosophiae
625 2094 691 2151 libri
708 2094 777 2150 duo.
801 2095 899 2151 Huius
920 2097 1022 2171 operis
1039 2114 1090 2151 ex·

261 2212 344 2256 stant
359 2200 425 2256 sola
445 2202 502 2255 tria
522 2201 618 2275 prima
639 2199 770 2275 capitula
785 2197 851 2256 libri
869 2201 965 2276 primi,
990 2213 1092 2257 cetera

261 2304 379 2360 desunt.
396 2305 433 2361 V.
452 2319 502 2360 21.
886 2326 902 2355 s

348 2427 399 2484 VI.
417 2427 659 2492 Demonstratur‚
677 2425 785 2481 nullam
803 2438 908 2482 contra
924 2426 1090 2483 doctrinam

262 2529 371 2587 Galilei
388 2532 580 2586 constitutam
598 2548 666 2585 esse
682 2529 816 2604 regulam
837 2529 905 2586 fidei
928 2543 959 2586 et
977 2549 1015 2587 ne
1035 2549 1090 2607 po·

261 2637 356 2691 tuisse
372 2635 491 2709 quidem
509 2634 606 2691 condi.
624 2635 732 2690 Oratio
748 2632 931 2690 academica.
948 2635 983 2692 V.
1002 2650 1052 2690 22.

346 2757 412 2813 VII.
436 2755 483 2812 De
499 2755 689 2832 providentia
706 2755 761 2811 Dei
782 2774 838 2831 per
858 2774 907 2812 res
927 2756 1089 2813 litterarias

260 2860 460 2917 manifestata.
477 2861 584 2917 Oratio
600 2860 782 2916 academica.
799 2861 835 2918 V.
854 2874 904 2931 23.

346 2983 426 3040 VIII.
441 2983 487 3038 De
499 2981 710 3059 philosophica
722 2981 772 3037 illa
784 2983 909 3056 regione
920 2981 1089 3039 Themistii.

261 3086 369 3144 Oratio
385 3086 567 3142 academica.
585 3086 621 3143 V.
639 3101 689 3158 24.

345 3210 397 3265 IX.
415 3209 462 3265 De
477 3209 646 3283 ignorantia
663 3210 912 3284 ignorantiaeque
924 3211 1024 3265 causis
1037 3227 1089 3265 va·

258 3315 320 3370 riis.
346 3313 453 3370 Oratio
469 3311 652 3368 academica.
669 3313 706 3369 V.
724 3325 773 3385 25.

344 3434 382 3490 X.
396 3435 443 3490 De
456 3433 536 3490 cultu
550 3435 695 3489 maiorum
708 3446 738 3489 et
750 3433 886 3507 Xongthi
899 3434 978 3510 apud
989 3433 1087 3490 Sinas.

259 3537 367 3594 Oratio
383 3538 557 3594 academica
573 3536 674 3594 habita
694 3551 785 3611 1773.
801 3539 837 3595 V.
856 3535 906 3594 26.

344 3661 396 3716 XI.
415 3661 461 3716 De
476 3662 607 3716 vanitate
623 3659 810 3733 astrologica
826 3672 856 3716 et
867 3678 941 3716 vera
956 3660 1087 3717 siderum

257 3766 367 3821 virtute
383 3783 400 3821 e
416 3766 553 3839 genuinis
569 3765 723 3840 principiis
739 3764 958 3838 investiganda.
980 3765 1087 3831 Oratio

257 3868 429 3925 academica
446 3867 548 3925 habita
569 3867 659 3941 1776.
677 3869 711 3925 V.
731 3882 780 3940 27.

344 3973 410 4028 XII.
429 3973 475 4028 De
492 3985 674 4028 cometarum
692 3974 869 4047 praesagiis.
893 3972 1000 4029 Oratio
1017 3991 1086 4029 aca-

257 4074 373 4132 demica
388 4074 489 4132 habita
509 4074 599 4149 1769.
617 4077 653 4133 V.
672 4074 723 4131 28.

343 4180 424 4236 XIII.
442 4181 488 4236 De
505 4183 621 4254 magiae
637 4183 774 4237 veritate.
793 4180 900 4237 Oratio
913 4179 1085 4237 academica

256 4282 358 4339 habita
379 4282 468 4357 1768.
486 4284 523 4341 V.
541 4299 590 4357 29·

342 4406 422 4463 XIV.
433 4405 611 4462 Defenditur
619 4408 731 4461 veritas
744 4418 932 4482 spectrorum
941 4407 1083 4462 visorum.

257 4509 364 4566 Oratio
381 4509 554 4566 academica
570 4509 673 4566 habita
694 4507 783 4583 1776.
800 4510 837 4566 V.
854 4523 905 4580 30.

340 4632 405 4688 XV.
423 4632 456 4686 In
474 4631 590 4687 laudem
607 4633 784 4707 principum,
806 4633 855 4706 qui
878 4631 1083 4707 iurispruden·

255 4737 324 4792 tiam
352 4735 517 4792 naturalem
546 4735 712 4792 docendam
740 4737 939 4811 praecipiunt.
975 4736 1082 4793 Oratio

254 4839 426 4897 academica
442 4838 544 4896 habita
565 4854 655 4913 1752.
671 4840 707 4897 V.
725 4854 777 4911 31.

339 4964 419 5022 XVI.
437 4964 484 5020 De
500 4981 585 5040 pace.
604 4963 711 5020 Oratio
727 4963 909 5020 academica.
926 4964 962 5021 V.
979 4977 1030 5034 32.

339 5085 434 5142 XVII.
447 5084 601 5161 Apologia
616 5103 673 5161 pro
686 5086 842 5141 retinendo
855 5087 919 5141 iure
932 5088 1080 5142 communi

254 5200 284 5244 et
303 5190 392 5246 civili.
417 5192 524 5247 Oratio
548 5191 721 5248 academica
741 5189 842 5247 habita
863 5204 953 5263 1750.
975 5191 1011 5247 V.
1028 5205 1079 5263 33.

339 5310 449 5368 XVIII.
463 5313 509 5368 De
522 5313 638 5369 theoria
651 5312 904 5389 iurisprudentiae
916 5332 983 5370 cum
995 5315 1079 5389 praxi

254 5414 470 5488 coniungenda.
489 5417 596 5474 Oratio
613 5416 794 5474 academica.
811 5418 848 5474 V.
864 5430 916 5489 34.

1258 659 1340 714 XIX.
1369 659 1416 715 De
1440 659 1556 715 honore
1579 678 1615 715 ac
1638 660 1833 716 veneratione
1856 661 2003 735 iurispru-

1173 763 1292 819 dentiae
1315 782 1422 820 sacrae
1444 764 1604 821 hodiedum
1628 763 1739 820 debita.
1764 764 1872 820 Oratio
1893 764 2003 820 acade-

1173 868 1249 923 mica
1265 866 1366 924 habita
1387 882 1476 942 1770.
1493 870 1529 927 V.
1547 883 1598 941 35.

1258 973 1326 1029 XX.
1347 973 1394 1029 De
1410 976 1534 1030 notione
1549 976 1679 1048 genuina
1695 973 1842 1030 libertatis
1858 973 2003 1029 ecclesia·

1173 1077 1277 1134 sticae.
1295 1077 1403 1134 Oratio
1419 1077 1591 1134 academica
1608 1077 1710 1135 habita
1731 1092 1820 1151 1771.
1838 1078 1874 1134 V.
1891 1075 1943 1149 36.

1258 1182 1340 1238 XXI.
1358 1183 1472 1240 Contra
1485 1183 1622 1239 occultos
1634 1182 1784 1238 ecclesiae
1800 1181 2001 1238 insidiatores

1175 1285 1282 1342 Oratio
1298 1286 1472 1344 academica
1489 1286 1591 1343 habita
1611 1286 1702 1361 1765.
1719 1289 1755 1345 V.
1772 1302 1824 1361 37.

1259 1391 1355 1447 XXII.
1369 1391 1482 1447 Contra
1495 1391 1717 1449 obtrectatores
1730 1393 1891 1467 potestatis
1904 1392 2002 1448 eccle-

1173 1495 1323 1551 siasticae.
1347 1496 1453 1553 Oratio
1469 1496 1643 1552 academica
1660 1494 1762 1552 habita
1783 1510 1873 1570 1775.
1896 1496 1931 1552 V.
1949 1495 2001 1567 38.

1258 1600 1368 1656 XXIII.
1379 1601 1492 1657 Hostes
1501 1602 1689 1657 auctoritatis
1698 1600 1924 1656 ecclesiastIcae
1932 1619 2002 1676 pes·

1172 1704 1246 1760 sime
1268 1703 1432 1760 abutuntur
1454 1705 1607 1761 Iustiniani
1632 1706 1824 1780 imperatoris
1851 1705 2001 1780 exemplo.

1172 1809 1280 1865 Oratio
1296 1808 1479 1866 academica.
1496 1810 1532 1867 V.
1549 1824 1601 1882 39.

1256 1915 1365 1971 XXIV.
1394 1916 1441 1971 De
1467 1916 1589 1971 crimine
1620 1913 1803 1969 famosorum
1834 1912 2001 1969 libellorum

1171 2032 1276 2074 contra
1292 2037 1440 2095 personas
1456 2037 1559 2075 sacras
1577 2031 1606 2074 et
1619 2019 1788 2092 religiosas.
1806 2020 1914 2075 Oratio
1930 2036 2001 2074 aca-

1170 2122 1285 2178 demica
1301 2122 1404 2179 habita
1423 2122 1513 2196 1781.
1531 2123 1566 2180 V.
1584 2137 1636 2195 40.

1255 2228 1350 2284 XXV.
1367 2226 1595 2304 Sponsaliorum
1612 2246 1722 2284 causae
1737 2227 1933 2284 iurisdictioni
1951 2247 2001 2284 ec·

1170 2331 1359 2388 clesiasticae
1370 2331 1569 2388 vindicantur.
1587 2333 1695 2388 Oratio
1710 2331 1883 2388 academica
1899 2330 2002 2388 habita

1175 2432 1264 2509 1769.
1282 2436 1318 2492 V.
1335 2451 1387 2508 41.

1255 2541 1364 2598 XXVI.
1382 2540 1429 2597 De
1441 2540 1559 2597 divinae
1575 2542 1650 2616 legis
1666 2545 1695 2598 in
1712 2543 1878 2601 homicidas
1889 2545 1918 2600 vi
1931 2563 2002 2619 per-

1169 2645 1294 2701 durante
1307 2645 1405 2720 deque
1418 2648 1482 2701 eius
1495 2648 1682 2720 mitigatione
1695 2667 1749 2723 per
1760 2649 1859 2722 legem
1872 2652 1999 2722 gratiae.

1170 2749 1277 2806 Oratio
1294 2750 1467 2806 academica
1483 2750 1585 2807 habita
1606 2767 1696 2825 1774.
1714 2753 1749 2808 V.
1767 2769 1818 2825 42.

1254 2855 1377 2912 XXVII.
1395 2856 1441 2911 De
1458 2855 1549 2911 modo
1562 2856 1759 2932 extorquendi
1777 2857 1999 2914 confessionem

1169 2960 1321 3015 crimmum
1335 2977 1390 3034 per
1402 2958 1482 3016 diras
1491 2963 1685 3035 quaestiones
1698 2980 1751 3017 seu
1765 2955 1906 3019 tortuias.
1920 2963 1999 3018 Ora-

1169 3066 1211 3120 tio
1228 3063 1411 3121 academica.
1428 3065 1464 3121 V.
1482 3079 1532 3137 43.

1254 3169 1393 3225 XXVIII.
1415 3168 1462 3224 De
1483 3171 1562 3226 iusto
1582 3189 1618 3225 ac
1635 3170 1775 3246 prudenti
1792 3171 1998 3228 moderamine

1169 3275 1198 3329 111
1222 3291 1350 3329 censura
1374 3273 1527 3331 librorum.
1561 3275 1667 3331 Oratio
1693 3276 1866 3332 academica
1893 3275 1997 3333 habita

1172 3391 1262 3452 1775·
1279 3378 1315 3434 V·
1332 3394 1384 3450 44·

1254 3482 1364 3537 XXIX.
1381 3483 1414 3538 111
1431 3482 1548 3539 laudem
1564 3486 1741 3541 venationis.
1764 3485 1871 3541 Oratio
1888 3485 1998 3541 acade-

1168 3587 1245 3642 mica
1261 3585 1363 3642 habita
1384 3585 1474 3659 1766.
1492 3587 1527 3643 V.
1545 3603 1595 3660 45.

1255 3710 1349 3764 XXX.
1360 3709 1537 3765 Ostenditur
1546 3711 1721 3785 religionem
1734 3712 1859 3768 alienam
1873 3713 1995 3768 tolerari

1167 3815 1196 3869 in
1209 3813 1362 3889 republica
1375 3812 1521 3869 interdum
1533 3832 1636 3889 posse,
1651 3817 1738 3872 immo
1751 3814 1873 3872 debere.
1887 3817 1996 3874 Oratio

1165 3917 1337 3974 academica
1352 3915 1454 3973 habita
1475 3917 1564 3991 1784.
1581 3919 1618 3976 V.
1634 3917 1685 3992 46.

1251 4040 1361 4097 XXXI.
1380 4040 1586 4096 Ostenduntur
1606 4044 1742 4116 ingentes
1759 4043 1949 4100 difficultates
1966 4048 2009 4102 111·

1166 4163 1237 4200 casu
1269 4144 1442 4201 tolerandae
1474 4145 1629 4219 religi0nis
1660 4147 1808 4203 adversae
1834 4163 1903 4206 ante
1931 4169 1994 4208 rem

1164 4248 1387 4324 ponderandae.
1402 4249 1509 4305 Oratio
1522 4251 1655 4307 academ.
1669 4250 1772 4307 habita
1787 4253 1878 4326 1784.
1892 4256 1927 4312 V.
1941 4271 1993 4330 47.

1250 4372 1375 4427 XXXII.
1397 4372 1456 4427 Pro
1477 4371 1626 4430 bonorum
1643 4374 1917 4433 ecclesiasticorum
1941 4380 1994 4435 im-

1164 4478 1306 4532 munitate
1328 4478 1356 4531 in
1373 4475 1544 4533 Germania.
1570 4479 1676 4536 Oratio
1697 4480 1871 4538 academica
1891 4481 1993 4539 habita

1167 4580 1257 4654 1780.
1274 4581 1310 4638 V.
1328 4581 1379 4654 48.

1248 4686 1389 4748 XXXIII.
1407 4687 1594 4757 Ostenditur,
1611 4708 1666 4764 per
1683 4709 1787 4764 pacem
1805 4692 1991 4768 westphali-

1129 4868 1133 4873 ,
1156 4810 1227 4875 ¹carn
1251 4791 1359 4847 nullum
1384 4811 1486 4848 verum
1510 4794 1556 4848 ius
1580 4795 1661 4849 circa
1682 4791 1762 4850 bona
1783 4796 1992 4854 ecclesiastica

1162 4894 1400 4971 protestantibus
1417 4915 1504 4953 cessa
1521 4897 1695 4952 translatum
1718 4897 1819 4967 luisse,
1844 4901 1898 4956 sed
1918 4902 1990 4958 nihil

1161 5002 1216 5056 nisi
1233 5003 1460 5076 possessionem
1477 5001 1679 5058 illacessitam.
1698 5002 1804 5059 Oratio
1818 5006 1992 5062 academica

1160 5103 1264 5161 habita
1284 5104 1373 5178 1785.
1390 5105 1426 5162 V.
1443 5121 1494 5178 49.

1247 5209 1384 5266 XXXIV.
1409 5211 1467 5266 Pro
1491 5210 1647 5268 Bonisacio
1674 5231 1755 5289 papa
1778 5214 1858 5270 VIII.
1882 5228 1988 5271 contra

1159 5296 1328 5390 Philippum
1344 5314 1517 5383 Pulchrum,
1538 5335 1642 5391 regem
1658 5318 1853 5376 Francorum.
1879 5320 1988 5376 Oratio

1159 5417 1331 5475 academica
1346 5417 1447 5474 habita
1464 5422 1543 5476 circa
1559 5439 1666 5477 annum
1688 5437 1778 5497 1750.
1795 5424 1831 5481 V.
1848 5438 1899 5496 50.
