4252 6112
926 441 1206 527 *30⁶-

191 651 265 704 tum
288 639 403 704 induit
430 640 464 704 in
492 640 707 705 monasterio
731 662 759 706 s.
783 642 964 705 Lamberti
987 641 1023 704 in

193 763 314 848 Styria
339 767 386 826 15.
404 761 505 844 Sept.
528 768 620 846 1715,
643 764 705 827 ubi
728 764 827 828 vovit
850 764 1025 827 stabilita·

191 897 264 949 tem
281 906 331 965 ²7·
344 886 431 959 Dec.
449 892 541 966 1716.
558 886 746 949 Absolutis
759 884 886 950 studiis
898 885 934 949 in
945 886 1025 968 ipso

191 1008 407 1071 monasterio
433 1027 497 1071 suo
523 1019 559 1073 et
584 1010 775 1072 celebratis
795 1008 959 1092 primitiis
983 1010 1025 1090 (2.

192 1130 272 1196 Oct.
287 1131 379 1213 1718)
393 1130 509 1195 factus
520 1142 575 1196 est
585 1132 735 1195 sacrista
744 1143 780 1196 et
788 1152 935 1215 praeses
944 1151 1026 1194 con·

193 1254 443 1338 gregationum
468 1256 513 1317 ad
538 1275 564 1317 s.
582 1254 825 1334 Lambertum,
849 1254 1026 1336 parochus

192 1376 229 1440 in
249 1375 454 1440 Edlschrott
476 1379 684 1459 (1732-37),
708 1397 854 1461 praeses
878 1395 1025 1459 congre·

192 1497 1025 1582 gationuminCellisB.V.,parochusinScheif·

192 1620 482 1703 ling(1753—56),
491 1623 631 1683 demum
641 1621 869 1684 concionator
878 1629 913 1684 et
922 1640 1025 1683 oeco-

192 1762 318 1805 nomus
341 1744 386 1805 ad
408 1741 526 1806 Cellas
548 1743 588 1806 Β.
602 1744 662 1825 V.,
687 1743 747 1806 ubi
772 1743 860 1805 obiit
884 1763 913 1821 9.
937 1741 1024 1807 Dec.

198 1870 277 1945 1769
295 1866 479 1947 professus
495 1877 531 1930 et
547 1868 715 1930 sacerdos
732 1865 900 1930 iubilaris.

280 1988 419 2051 Edidit:

280 2117 303 2174 Ι.
329 2116 440 2173 Preces
465 2114 627 2173 familiares
655 2118 683 2172 in
710 2134 797 2171 usum
820 2113 1025 2189 quotidianum

195 2227 363 2295 sacerdotis
379 2224 523 2299 religiosi.
548 2219 667 2296 Styrae‚
685 2221 766 2297 typis
783 2218 928 2294 Gregorii
941 2219 1026 2275 Men·

194 2330 290 2388 hardt.
312 2342 402 2402 1752.
420 2326 462 2384 8⁰.
480 2343 520 2400 99
530 2346 559 2403 p.
577 2323 715 2382 Libellus
728 2325 850 2399 saepius
866 2324 1026 2398 reimpres·

195 2455 247 2492 sus
263 2447 319 2500 est,
337 2434 408 2507 quia
423 2429 613 2488 Lambertini
625 2429 780 2503 hucusque
796 2445 833 2484 1ο
850 2439 982 2482 utuntur.

279 2539 317 2595 ΙΙ.
343 2535 544 2593 Auserlesene
564 2532 702 2589 Andacht
724 2531 777 2588 auf
797 2531 854 2588 den
876 2527 1026 2586 Geburts·

196 2643 271 2702 oder
282 2643 468 2714 Namenstag
481 2640 564 2696 eines
574 2637 663 2712 jeden
672 2636 844 2704 Menschen‚
857 2633 1025 2692 bestehend

196 2750 225 2805 in
242 2748 326 2804 einer
342 2745 471 2819 Tagzeit
487 2743 546 2800 und
563 2742 691 2798 Litanei.
717 2736 746 2818 (1.
767 2758 793 2797 1.
815 2738 938 2796 8111111
962 2740 1025 2814 pie·

170 2913 173 2919 ,
196 2854 266 2909 tatis
282 2851 427 2909 exercitia
448 2850 476 2904 in
496 2847 544 2903 die
565 2844 654 2902 natali
675 2858 705 2902 et
721 2845 909 2901 onomastico
925 2844 1025 2899 cuius·

195 2958 241 3014 vis
257 2951 408 3033 hominis.)
431 2951 550 3028 Steyer,
572 2949 722 3025 gedruckt
737 2947 785 3006 bei
801 2947 925 3022 Gregor
940 2947 1024 3004 Men·

195 3062 292 3119 hardt.
315 3066 374 3117 12⁰.

281 3205 460 3279 Muchar
478 3204 528 3277 de
548 3201 655 3276 Bied
668 3210 715 3273 et
733 3199 938 3296 Rangfeld
958 3210 1024 3272 Al-

194 3339 339 3399 bertus
363 3330 708 3416 (Admontensis),
731 3339 836 3392 natus
862 3349 912 3390 22.
933 3327 1023 3390 Nov.

200 3462 279 3538 1786
302 3457 336 3519 in
358 3456 491 3538 oppido
508 3452 680 3516 Tirolensi
697 3451 804 3514 Lienz
824 3464 941 3534 patre,
964 3449 1023 3532 qui

195 3592 272 3645 erat
289 3600 317 3643 c.
328 3599 355 3642 r.
368 3577 555 3640 fundorum
570 3574 789 3657 publicorum
802 3574 1024 3637 administra·

196 3715 262 3785 tor,
275 3702 407 3764 ibidem
421 3697 551 3762 scholis
564 3696 789 3759 inferioribus
802 3696 949 3779 egregie
962 3699 1023 3759 ab·

195 3825 320 3889 solutis
345 3821 533 3886 Graecium
559 3819 595 3880 in
619 3818 728 3882 Stiria
752 3819 880 3881 missus
909 3828 965 3880 est
988 3818 1023 3881 in

195 3945 419 4031 philosophia
436 3942 668 4013 erudiendus;
694 3961 784 4023 quae
807 3941 924 4003 studia
946 3961 1024 4003 cum

196 4087 361 4132 emensus
373 4076 469 4129 esset
481 4064 636 4127 maxima
649 4083 726 4125 cum
739 4065 855 4144 laude,
870 4064 1025 4126 Admon-

196 4190 289 4255 tensi
302 4187 514 4252 monasterio
525 4185 837 4248 Benedictinorum
851 4195 1026 4267 exceptus

1104 642 1263 725 Aridam,
1284 643 1429 707 natione
1444 642 1670 725 Maronitam,
1693 652 1785 708 tunc
1808 652 1956 725 tempo·

1104 765 1151 827 ris
1167 765 1281 829 virum
1297 786 1429 850 magna
1444 766 1642 830 eruditione
1657 764 1868 849 florentem,
1891 766 1954 848 qui

1106 889 1259 950 docebat
1274 888 1431 971 linguam
1448 888 1650 970 Arabicam,
1668 908 1707 952 se
1720 888 1896 970 contulit,
1913 896 1953 951 ut

1106 1010 1299 1073 reconditis
1319 1010 1446 1073 litteris
1462 1030 1501 1074 se
1518 1010 1702 1075 imbueret.
1726 1010 1846 1074 Anno
1868 1013 1949 1073 1812

1106 1133 1264 1214 suscepit
1280 1144 1316 1195 et
1333 1153 1458 1195 munus
1475 1133 1691 1215 explanandi
1707 1152 1736 1197 s.
1752 1132 1874 1197 libros
1889 1152 1950 1195 ve·

1105 1254 1191 1317 teris
1200 1253 1355 1318 foederis
1370 1265 1406 1318 et
1420 1255 1571 1319 docendi
1582 1255 1725 1338 linguas
1733 1254 1948 1336 orientales,

1110 1382 1188 1440 1813
1206 1376 1497 1440 bibliothecarius
1513 1386 1549 1440 et
1565 1376 1788 1440 archivarius
1808 1375 1947 1449 factus:

1110 1504 1276 1580 1814-18
1290 1499 1448 1564 Graecos
1464 1499 1657 1582 scriptores
1669 1500 1705 1563 in
1717 1500 1947 1583 philosophi·

1105 1642 1147 1687 co
1164 1623 1327 1686 instituto
1343 1590 1548 1687 monasterii
1569 1623 1888 1704 interpretabatur
1902 1625 1945 1688 si·

1104 1747 1247 1829 mulque
1264 1745 1468 1827 parochiam
1483 1746 1692 1808 Hallensem
1706 1745 1873 1809 vicarius
1893 1765 1944 1809 re-

1104 1870 1215 1951 gebat
1227 1869 1273 1930 ad
1292 1871 1386 1940 1823;
1404 1887 1468 1948 per
1480 1886 1569 1949 quos
1583 1866 1749 1931 undecim
1763 1887 1884 1932 annos
1896 1868 1944 1932 in·

1105 2000 1250 2072 gentem
1259 1991 1551 2069 membranarum,
1563 1989 1823 2072 chronicorum,
1833 1991 1943 2073 scrip

1106 2120 1220 2174 torum
1239 2110 1499 2174 multitudinem
1516 2111 1718 2194 colligebat,
1736 2123 1942 2195 perscruta·

1106 2236 1225 2315 batur,
1250 2235 1483 2315 excerpebat,
1512 2253 1582 2315 qua
1605 2234 1756 2297 materia
1780 2244 1942 2299 uteretur

1107 2356 1175 2418 illis
1203 2355 1302 2417 libris
1325 2354 1550 2417 historiarum
1574 2352 1704 2418 Stiriae
1727 2356 1940 2436 scribendis,

1107 2478 1236 2560 quibus
1248 2478 1409 2557 Ioannes,
1423 2477 1595 2539 archidux
1607 2474 1750 2559 Stiriae,
1767 2478 1832 2542 ille
1845 2479 1940 2543 Mae-

1106 2622 1213 2665 cenas
1236 2601 1388 2664 virorum
1415 2602 1617 2681 doctorum,
1641 2600 1711 2662 iarn
1734 2621 1834 2665 anno
1864 2607 1939 2665 1812

1106 2723 1300 2806 praemium
1317 2732 1562 2804 proposuerat.
1587 2722 1693 2785 Anno
1719 2727 1800 2786 1823
1831 2722 1940 2788 Grae

1105 2846 1197 2910 cium
1214 2855 1363 2908 vocatus
1380 2844 1562 2927 professor
1577 2845 1750 2925 supplens
1766 2844 1939 2909 librorum

1105 2988 1285 3031 sacrorum
1316 2966 1449 3029 veteris
1479 2966 1652 3041 foederis;
1685 2946 1756 3048 nuo
1792 2988 1940 3032 munere

1109 3096 1186 3154 1825
1199 3091 1354 3171 dimisso,
1366 3090 1400 3153 in
1413 3090 1661 3172 philosophica
1673 3090 1852 3155 facultate
1866 3092 1940 3175 phi·

1103 3213 1270 3297 lologiam
1287 3223 1323 3276 et
1339 3213 1580 3294 aestheticam,
1602 3213 1759 3276 doctoris
1780 3214 1939 3296 philoso-

1104 3335 1208 3417 phiae
1225 3334 1400 3417 dignitate
1413 3344 1549 3415 auctus,
1562 3335 1724 3414 docebat,
1742 3335 1878 3399 decani
1890 3348 1940 3400 at·

1104 3478 1172 3541 que
1193 3456 1342 3520 rectoris
1362 3455 1605 3519 universitatis
1626 3453 1847 3519 Graecensrs
1869 3478 1941 3521 mu-

1104 3600 1188 3643 nere
1205 3579 1348 3643 functus
1365 3597 1478 3660 usque
1494 3579 1540 3640 ad
1556 3578 1692 3640 obitum
1709 3582 1792 3657 1849
1807 3583 1840 3641 b.
1854 3580 1941 3661 Iun,

1103 3701 1194 3766 febri
1210 3720 1362 3764 nervosa
1379 3709 1573 3780 correptus.
1599 3699 1672 3781 Ille,
1695 3698 1753 3761 cui
1774 3708 1942 3763 tottam·

1106 3844 1174 3906 que
1205 3822 1376 3906 gravibus
1408 3831 1583 3902 occupato
1614 3820 1768 3904 publicis
1798 3822 1943 3904 officiis,

1094 3947 1297 4029 'quidquam
1313 3944 1484 4025 temporis
1499 3942 1625 4024 reliqui
1642 3942 1762 4023 fuisse,
1780 3943 1848 4006 vix
1869 3965 1944 4009 cre·

1106 4068 1255 4147 dideris,
1283 4066 1507 4129 nihilominus
1535 4064 1653 4128 munia
1681 4065 1822 4145 omnia,
1849 4086 1944 4149 quae

1106 4202 1188 4255 sunt
1204 4191 1289 4271 eiuS,
1314 4189 1373 4270 qui
1399 4198 1455 4250 est
1476 4209 1497 4250 a
1517 4188 1666 4252 secretis
1686 4186 1878 4252 societatis
1893 4190 1944 4253 hi-

197 4336 218 4376 a
231 4312 431 4376 Gotthardo
445 4311 587 4390 abbate,
599 4307 727 4371 illustri
738 4309 935 4371 litterarum
950 4307 1025 4369 fau·
1107 4313 1237 4376 storiae
1250 4310 1391 4392 Stiriae,
1408 4311 1569 4393 privatae
1582 4310 1643 4390 rei,
1660 4320 1828 4372 strenuus
1847 4312 1945 4375 subi·

197 4446 284 4514 tore,
306 4452 398 4496 anno
424 4436 503 4494 1808
526 4431 582 4493 die
604 4435 651 4492 rb.
669 4428 747 4494 Oct.
768 4428 1027 4512 professionem
1066 4474 1068 4531 5
1106 4437 1169 4497 bat
1186 4453 1301 4515 neque
1318 4435 1442 4495 deerat
1458 4432 1510 4513 iis,
1532 4432 1592 4515 qui
1612 4432 1845 4496 consulentes
1862 4454 1944 4497 eum

197 4555 314 4620 emisit
330 4555 545 4616 sollemnem.
568 4551 640 4614 Ubi
654 4571 732 4613 cum
748 4550 960 4633 theologicis
977 4549 1026 4613 di·
1066 4536 1069 4601 l
1108 4556 1263 4618 adibant.
1289 4555 1371 4637 Ipse
1388 4574 1467 4617 cum
1485 4553 1715 4636 Wartingero
1737 4554 1945 4618 archivario

197 4676 356 4759 sciplinis
365 4675 400 4737 in
411 4674 532 4756 primis
544 4673 674 4756 linguis
686 4672 917 4735 orientalibus
926 4692 1027 4753 prae·
1066 4660 1069 4731 ἱ
1107 4686 1231 4739 auctor
1251 4677 1433 4740 societatis
1453 4674 1642 4739 historicae
1660 4673 1791 4738 Stiriae
1808 4676 1946 4740 consti·

197 4801 337 4884 cipuam
358 4816 503 4880 operam
523 4799 693 4878 navabat,
715 4805 788 4858 tum
812 4795 952 4878 linguas
973 4815 1027 4857 re·
1067 4826 1069 4891 7
1107 4800 1261 4861 tuendae
1286 4808 1341 4860 est
1362 4799 1565 4878 habendus,
1593 4806 1629 4860 et
1655 4795 1804 4858 consilio
1832 4807 1872 4860 et
1895 4818 1944 4861 re.

198 4923 373 4987 centiores
386 4921 557 5001 Italicam,
571 4918 892 5002 Franco-gallicam
905 4928 941 4980 et
954 4918 1027 4981 An·
1066 4906 1069 5025 J
1108 4922 1182 4984 Iam
1199 4940 1284 4983 vero
1307 4941 1458 5003 magnae
1480 4919 1687 4982 eruditionis
1710 4928 1746 4979 et
1770 4918 1869 4981 acris
1895 4920 1946 4983 in·

196 5047 327 5130 glicam
344 5044 515 5107 discebat.
538 5043 733 5124 Presbyter
744 5051 889 5104 ornatus
907 5062 932 5105 1.
948 5040 1026 5106 Oct.
1067 5062 1069 5159 ,
1108 5042 1205 5126 genii
1221 5042 1373 5125 plurima
1388 5051 1525 5104 restant
1541 5041 1705 5123 exempla
1722 5039 1757 5102 in
1774 5041 1947 5106 omnibus

203 5172 282 5247 1809
300 5169 378 5230 Deo
395 5165 628 5248 omnipotenti
646 5165 795 5246 primam
817 5163 946 5225 obtulit
966 5165 1027 5226 ho·
1067 5222 1069 5263 ,
1108 5165 1183 5226 eius
1199 5163 1425 5227 historiarum
1440 5161 1548 5243 libris,
1572 5161 1633 5243 qui
1648 5171 1838 5244 testantur,
1864 5185 1947 5228 eum

199 5289 311 5350 stiam.
324 5289 394 5350 Pro
404 5288 487 5369 acri,
498 5307 567 5369 quo
577 5297 663 5367 erat,
674 5286 869 5348 litterarum
877 5284 1027 5366 fervore,
1066 5280 1069 5415 ,
1108 5285 1271 5348 omnibus
1288 5285 1423 5347 artibus
1439 5283 1648 5347 instructum
1663 5281 1786 5366 fuisse,
1809 5287 1947 5368 quibus

200 5426 269 5470 non
282 5419 470 5472 contentus
482 5406 972 5490 scientiavulgari,Viennam
981 5409 1028 5470 ad
1066 5422 1069 5470 1
1108 5405 1337 5489 perficiuntur
1361 5426 1485 5487 opera,
1509 5424 1601 5487 quae
1631 5414 1787 5468 aetatem
1810 5406 1947 5476 ferunt.
