4222 6106
920 442 1187 504 —XVI-

319 667 369 729 At
392 687 477 730 vero
502 687 571 730 non
595 669 708 730 solum
731 668 860 730 fortem
884 668 997 730 virum
1022 687 1049 729 s.
1074 667 1292 730 Benedictus
1315 667 1351 729 in
1368 668 1509 730 vineam
1533 687 1633 730 suam
1649 670 1802 752 vocavit,
1820 671 1927 733 etiarn

188 805 400 868 imbecillam
423 806 590 868 feminam
615 826 685 869 non
708 806 897 870 recusavit.
929 807 1127 887 Propterea
1150 805 1283 885 ubique
1299 807 1395 886 apud
1413 807 1537 868 domos
1554 810 1804 871 monachorum
1821 810 1929 872 etiam

188 945 402 1008 monasteria
424 965 509 1008 mox
532 957 658 1009 exorta
683 956 774 1027 sunt,
798 946 860 1008 ubi
882 945 1040 1028 virgines
1071 955 1106 1008 et
1130 944 1259 1007 viduae
1288 945 1397 1007 cultui
1422 944 1589 1008 Crucifixi
1620 966 1658 1008 se
1686 950 1878 1012 sacrabant
1894 953 1927 1031 ¹).
1966 969 1968 973 ·

189 1085 383 1146 Praeterea
411 1085 518 1147 etiam
550 1086 722 1147 coenobia
753 1056 1005 1146 monacharum
1037 1085 1116 1165 ipsa
1139 1104 1204 1166 per
1227 1103 1266 1146 se
1290 1094 1368 1146 orta
1391 1093 1486 1164 sunt,
1519 1103 1666 1166 quorum
1698 1088 1928 1152 celeberrima

188 1234 288 1286 sunt:
312 1224 594 1305 Nonnbergense
618 1243 731 1304 prope
755 1221 1002 1306 Salisburgum
1018 1225 1051 1304 ²),
1076 1224 1122 1285 ad
1146 1241 1173 1284 S.
1198 1220 1393 1305 Georgium
1416 1242 1528 1306 prope
1552 1225 1667 1286 lacurn
1689 1225 1876 1308 Laengsee
1891 1228 1926 1309 ³),

188 1361 487 1445 Sonnenburgum
503 1364 526 1442 4)
561 1363 596 1424 in
628 1362 754 1444 Tiroli,
791 1363 997 1425 Monastero
1033 1381 1145 1443 prope
1176 1360 1380 1443 Aquileiam
1395 1363 1418 1442 5)
1426 1412 1435 1442 ,
1471 1360 1695 1443 Gurcium⁶)‚
1730 1363 1861 1427 Erlaha
1892 1365 1928 1428 in

189 1501 336 1563 Austria
360 1501 525 1563 inferiore
541 1502 575 1583 7),
608 1501 852 1575 Trunkirchen
882 1501 917 1563 in
941 1500 1089 1562 Austria
1117 1500 1300 1581 superiore
1316 1498 1349 1581 ⁸),
1382 1500 1512 1564 Gossia
1539 1503 1574 1564 in
1603 1500 1712 1566 Stiria
1726 1503 1761 1585 9),
1793 1505 1927 1587 Terge-

189 1639 319 1702 stinum
334 1641 380 1720 ιο),
405 1640 568 1721 Jaderae,
593 1641 628 1702 in
652 1643 752 1703 Arbe
776 1639 927 1721 aliisque
949 1639 1152 1703 Dalmatiae
1176 1639 1299 1702 insulis
1314 1641 1359 1719 ¹¹).

317 1778 452 1840 Eodem
483 1798 568 1841 vero
602 1789 781 1860 tempore,
813 1799 883 1861 quo
915 1781 1001 1843 ordo
1032 1800 1059 1842 s.
1092 1779 1279 1842 Benedicti
1310 1779 1344 1841 in
1375 1780 1479 1842 terris
1513 1778 1734 1843 Germanicis
1757 1782 1927 1846 Austriae

187 1917 347 1998 florebat,
373 1918 480 1980 etiam
503 1918 539 1980 in
558 1917 715 1980 finitimis
739 1918 842 1981 terris
859 1916 1021 1998 Slavicis‚
1046 1919 1227 1999 Bohemia,
1249 1918 1421 1999 Moravia,
1439 1916 1568 1981 Silesia
1585 1919 1779 1983 consistere
1797 1923 1925 2003 coepit.

317 2056 464 2138 Religio
489 2055 699 2137 Christiana,
724 2076 937 2137 quamquam
961 2057 1016 2118 his
1039 2056 1208 2138 gentibus
1232 2056 1301 2118 iam
1325 2057 1468 2118 saeculo
1492 2076 1585 2118 nono
1601 2078 1622 2118 a
1640 2055 1826 2120 Germanis
1844 2079 1925 2140 pro-

187 2197 273 2257 bata
298 2205 402 2274 esset,
428 2205 546 2258 tamen
569 2195 721 2276 primurn
745 2197 888 2257 saeculo
913 2196 1051 2257 decimo
1076 2205 1230 2257 exeunte
1255 2195 1360 2257 altius
1384 2195 1522 2258 radices
1546 2217 1654 2278 agere
1683 2206 1790 2277 atque
1819 2197 1924 2260 latius

189 2333 381 2416 propagari
406 2334 532 2415 potuit.
571 2334 617 2396 Et
640 2333 675 2394 in
698 2332 753 2394 his
778 2352 919 2414 quoque
943 2333 1047 2395 terris
1064 2331 1378 2396 Benedictinorum
1395 2333 1587 2415 praecipue
1611 2354 1721 2415 opera
1744 2353 1801 2396 res
1823 2345 1927 2416 gesta

320 2586 340 2667 1)
365 2590 397 2644 In
421 2589 586 2645 litterarum
611 2591 811 2645 monumentis
841 2591 1030 2645 inveniuntur
1061 2587 1210 2645 coenobia
1240 2590 1451 2645 monacharum
1483 2589 1521 2645 ad
1552 2609 1575 2646 s.
1601 2591 1721 2645 Petrum
1745 2587 1924 2665 Salisburgi,

188 2701 436 2769 Michaelburum,
452 2701 629 2770 Admontes,
646 2702 683 2758 ad
700 2722 724 2759 s.
741 2700 946 2768 Lambertum‚
963 2720 988 2758 s.
1005 2701 1139 2768 Paulum,
1157 2701 1326 2768 Ossiacum,
1347 2702 1505 2769 Melicium,
1522 2700 1730 2775 Gottwigium‚
1753 2704 1830 2758 inter
1845 2722 1924 2777 quae

188 2814 395 2871 Admontense
418 2814 457 2871 ab
481 2813 592 2871 abbate
615 2813 782 2882 Wolsold0,
807 2815 955 2872 monacho
979 2833 1003 2871 s.
1028 2813 1154 2888 Georgii
1180 2816 1208 2870 in
1232 2812 1315 2870 Silva
1332 2815 1424 2889 Nigra
1452 2813 1663 2871 1116—1120
1687 2828 1870 2871 exstructum
1895 2830 1925 2872 et

188 2925 280 2983 nobili
304 2946 416 3001 genere
441 2941 470 2983 et
494 2930 607 3004 pietate
630 2942 722 3002 atque
745 2927 883 2983 doctriua
907 2927 1077 2983 monialium
1101 2925 1186 2982 brevi
1210 2945 1319 3000 magna
1342 2928 1521 2983 auctoritate
1545 2928 1655 2983 iloruit.
1696 2927 1755 2994 Ibi,
1779 2940 1811 2982 ut
1834 2947 1923 2984 unum

187 3039 368 3107 adieramus
393 3039 508 3115 Sophia
532 3040 591 3095 filia
614 3038 703 3095 Belae
728 3041 764 3095 ll.
789 3042 871 3112 regis
895 3040 1082 3113 Hungariae‚
1108 3058 1174 3095 curn
1198 3040 1262 3094 eius
1287 3057 1417 3114 sponsus
1442 3039 1591 3095 Henricus
1615 3039 1691 3096 filius
1715 3039 1846 3095 Conradi
1871 3042 1923 3095 im·

188 3156 338 3228 peratoris
362 3152 582 3209 Germanorum
606 3166 742 3209 mortuus
766 3165 857 3220 esset,
887 3152 954 3208 Deo
978 3151 1185 3226 Omnipotenti
1216 3170 1251 3207 se
1278 3150 1386 3207 obtulit
1417 3169 1515 3226 neque
1543 3154 1734 3226 quantumuis
1758 3151 1861 3208 Geusa
1886 3153 1923 3208 11.

188 3264 281 3321 irater
304 3265 429 3322 reditum
454 3268 570 3322 sororis
594 3278 723 3339 optaret,
748 3283 765 3320 a
789 3267 949 3340 proposito
973 3265 1109 3321 descivit.
1143 3264 1298 3331 Wichner,
1322 3264 1465 3332 Admont‚
1489 3265 1513 3321 1.

319 3376 339 3458 2)
363 3379 463 3433 Prima
486 3377 641 3434 abbatissa
664 3390 729 3433 erat
752 3396 776 3433 s.
794 3376 974 3433 Erentrudis
997 3378 1260 3451 consanquinitate
1284 3395 1350 3432 cum
1374 3395 1398 3433 s.
1416 3376 1553 3452 Ruperto
1570 3379 1729 3433 coniuncta
1753 3376 1790 3433 cs.
1809 3377 1921 3444 Esterl,

187 3491 323 3547 Chronik
347 3491 400 3547 des
424 3490 643 3547 Frauenstistes
666 3488 843 3564 Nonnberg.

282 3633 283 3638 1
316 3601 339 3681 ³)
362 3603 521 3660 Conditum
546 3622 563 3658 a
586 3601 776 3676 Wichburga
800 3620 893 3658 uxore
918 3604 1035 3658 comitis
1060 3603 1186 3658 Ottivini
1215 3603 1243 3656 in
1267 3602 1435 3657 Pusterthal
1465 3603 1545 3658 circa
1574 3601 1663 3659 1008.
1695 3601 1922 3659 Ankershofen.

316 3714 337 3794 4)
362 3715 521 3772 Conditum
547 3735 564 3770 a
587 3715 758 3771 Volkholdo
783 3714 876 3771 fratre
899 3715 1066 3771 Hartwichi
1091 3716 1227 3790 episcopi
1252 3715 1390 3770 Brixinae
1419 3714 1497 3772 1018
1523 3717 1652 3772 circiter.
1683 3715 1798 3789 Egger,
1823 3715 1919 3771 Tirol.

316 3825 338 3906 ⁵)
362 3828 522 3885 Conditum
546 3847 563 3882 a
586 3828 711 3902 Popone
746 3828 918 3903 patriarcha
945 3827 1131 3902 Aquileiensi
1165 3841 1241 3900 1041
1275 3829 1405 3883 circiter.
1436 3828 1584 3902 Czdrnig‚
1616 3826 1707 3884 Gorz.
1746 3827 1922 3883 Monastero

186 3944 272 3998 vicus
296 3953 356 3995 tum
381 3940 531 3995 dioecesis
555 3938 758 4014 Aquileiensis
782 3953 856 3996 erat.

316 4047 338 4130 ⁶)
363 4051 523 4107 Conditum
547 4050 587 4108 ab
612 4052 747 4118 Hemina,
772 4051 861 4107 vidua
886 4052 1036 4108 Guilielmi
1060 4055 1182 4108 maioris
1206 4054 1324 4108 comitis
1347 4052 1384 4107 de
1400 4053 1543 4109 Friesach
1566 4067 1655 4123 1042.
1681 4050 1807 4107 Praedia
1823 4064 1922 4107 tamen

187 4165 359 4221 monasterii
385 4167 440 4219 iam
470 4177 550 4235 1070
574 4182 628 4238 per
653 4160 846 4220 Gebhardum
870 4164 1133 4239 archiepiscopum
1156 4162 1419 4238 Salisburgensem
1444 4167 1631 4240 episcopatui
1657 4164 1804 4221 Gurcensi
1820 4147 1922 4221 'adtri-

187 4276 259 4333 buta
282 4290 359 4334 sunt.
391 4276 605 4332 Ankershoien
630 4276 647 4332 1.
672 4296 698 4332 c.

316 4386 338 4467 7)
362 4389 521 4444 Conditum
549 4402 629 4460 1050
653 4390 773 4444 circiter
796 4386 835 4444 ab
856 4388 970 4445 Ottone
994 4392 1103 4445 comite
1127 4389 1163 4445 de
1187 4388 1355 4446 Machland.
1387 4388 1630 4446 Urkundenbuch
1654 4408 1713 4445 von
1737 4390 1922 4446 Oberdster-

186 4503 279 4568 reich,
304 4504 341 4558 11.

315 4610 338 4692 ⁸)
362 4616 431 4683 Quo
456 4632 534 4669 anno
553 4614 616 4669 boc
640 4613 831 4682 coenobium,
857 4614 937 4688 quod
955 4633 1014 4670 non
1032 4614 1271 4671 confundendum
1296 4627 1342 4671 est
1359 4633 1423 4670 cum
1442 4616 1625 4670 monasterio
1642 4614 1775 4670 eiusdem
1792 4616 1922 4671 nominis

184 4728 221 4784 ab
247 4729 399 4803 Hungaris
424 4741 487 4799 910
510 4728 631 4783 circiter
654 4726 766 4793 delet0‚
792 4725 944 4782 conditum
967 4729 1015 4793 sit,
1040 4727 1190 4783 enucleari
1214 4745 1273 4783 non
1297 4740 1408 4802 potest.
1441 4727 1558 4783 Tamen
1582 4745 1637 4802 per
1660 4728 1843 4784 Otacharum
1869 4727 1920 4782 IV.

184 4842 386 4897 marchionem
411 4838 521 4895 Stiriae
545 4840 595 4894 vix
618 4850 687 4893 ante
717 4852 797 4893 1110
821 4837 1009 4895 aedificatum
1034 4852 1089 4895 est.
1129 4840 1217 4907 Pritz,
1242 4839 1427 4896 Geschichte
1450 4858 1509 4895 von
1534 4838 1797 4905 Oberdsterreich‚
1823 4840 1845 4894 1.

314 4950 338 5030 9)
361 4951 474 5008 Gossia
497 4969 594 5026 prope
618 4949 745 5006 Leoben
772 4951 800 5004 in
825 4949 917 5006 Stiria
940 4950 979 5007 ab
1002 4950 1100 5006 Adula
1125 4970 1218 5007 uxore
1241 4951 1385 5008 Aribonis
1401 4952 1451 5009 lV.
1477 4953 1596 5008 comitis
1621 4951 1658 5007 de
1682 4950 1808 5007 Leoben
1837 4964 1919 5007 1020

183 5067 303 5121 circiter
326 5064 436 5121 condit.
470 5064 615 5120 Wichner
639 5063 657 5118 l.
683 5082 709 5120 c.
734 5064 756 5121 1.

305 5174 338 5255 ¹⁰)
362 5177 576 5233 Monasterium
590 5176 806 5250 Tergestinum
823 5195 841 5231 a
856 5176 956 5252 puella
973 5195 1107 5251 paupere
1128 5176 1206 5249 1278
1225 5177 1386 5233 conditum.
1411 5176 1621 5244 Wendenthal‚
1639 5175 1919 5232 Oesterreicbische

184 5290 324 5358 Klerisei,
348 5289 384 5344 V.

303 5402 336 5480 ιι)
360 5400 606 5476 Antiquissimum
624 5403 790 5459 Dalmatiae
808 5404 1020 5459 monasterium
1045 5405 1074 5459 in
1089 5400 1172 5458 Arbe
1197 5402 1292 5457 insula
1316 5415 1391 5468 erat,
1416 5401 1566 5458 conditum
1584 5401 1706 5458 saeculo
1724 5400 1915 5457 duodecimo
