4222 6106
999 494 1036 501 —
1083 455 1193 517 LXX
1241 494 1280 502 -

398 680 438 742 In
473 679 646 742 Bohemia
681 680 905 744 Benedictini
945 681 1148 744 monasterii
1188 682 1467 744 Btevnoviensis
1513 692 1549 744 et
1588 681 1886 750 Braunaviensis,
1927 700 2010 743 cum

269 821 490 904 gravissimis
514 822 775 883 calamitatibus
799 830 920 883 essent
942 820 1079 901 afflicti,
1112 822 1263 884 docendi
1295 821 1550 902 erudiendique
1582 821 1791 883 industriam
1823 840 2009 902 nunquam

179 962 182 967 ’
270 960 542 1023 intermiserunt.
588 961 713 1022 Abbas
736 960 889 1023 Iacobus
912 961 956 1023 Il.
981 960 1103 1023 Chmel
1128 963 1366 1041 (1785-1805)
1392 960 1537 1042 eiusque
1562 978 1796 1041 successores,
1822 959 1857 1021 in
1874 959 2009 1041 quibus

270 1099 421 1161 loannes
445 1067 577 1161 Rotter
601 1099 748 1177 (electus
776 1100 887 1180 1844),‘
912 1099 970 1180 qui
995 1102 1061 1162 hoe
1085 1113 1246 1181 tempore
1273 1099 1489 1162 monasterio
1513 1108 1666 1181 praeest,
1691 1098 1863 1181 singulari
1888 1099 2008 1162 studio

271 1249 306 1301 et
330 1238 502 1301 industria
525 1237 728 1310 effecerunt,
760 1249 798 1301 ut
826 1239 946 1300 schola
974 1257 1096 1300 eorum
1120 1238 1154 1300 in
1179 1238 1361 1301 Austriaci
1387 1238 1526 1319 imperii
1549 1237 1679 1300 finibus
1701 1239 1805 1300 laude
1828 1237 2010 1300 frueretur

271 1378 487 1458 amplissima
503 1381 535 1455 ¹).
580 1377 715 1459 Magna
739 1377 846 1439 etiam
870 1397 934 1458 pro
950 1377 1085 1438 viribus
1101 1377 1275 1439 industria
1291 1378 1439 1459 vigebat
1455 1377 1490 1439 in
1506 1376 1721 1439 monasterio
1737 1376 2009 1459 Raigradiensi,

272 1516 370 1578 cuius
394 1516 555 1579 monachi
579 1517 614 1578 in
638 1517 821 1578 academia
844 1517 1101 1597 philosophica,
1126 1536 1218 1598 quae
1242 1528 1319 1579 erat
1335 1517 1370 1579 in
1387 1516 1505 1599 capite
1522 1517 1715 1596 Moraviae,
1739 1518 1785 1578 ab
1809 1534 1904 1578 anno
1925 1520 2009 1577 1816

271 1656 509 1737 professorum
533 1656 737 1718 muneribus
760 1656 1011 1739 fungebantur.
1058 1656 1254 1738 Gregorius
1277 1656 1412 1739 Wolny
1440 1667 1476 1719 et
1499 1657 1600 1718 Beda
1623 1655 1763 1736 Dudik,
1796 1674 1945 1736 quorum
1975 1654 2010 1717 in

270 1798 376 1857 rebus
407 1794 584 1857 historicis
616 1793 744 1856 florent
777 1795 935 1875 nomina,
968 1808 1004 1857 et
1033 1794 1238 1858 Giintherus
1267 1796 1465 1875 Kalivoda,
1498 1796 1558 1877 qui
1589 1814 1681 1856 nunc
1714 1804 1768 1857 est
1800 1792 2012 1856 monasterii

274 1936 397 2014 abbaS,
421 1934 454 1995 in
480 1941 556 1995 arte
580 1934 754 1995 educandi
779 1953 944 2016 magnam
968 1934 1116 2016 gloriam
1142 1934 1264 2015 adepti
1289 1946 1371 1996 sunt
1387 1938 1421 2016 ²).

400 2074 476 2136 Nec
507 2072 621 2134 minus
652 2074 820 2135 memoria
853 2073 1000 2156 dignum
1031 2084 1100 2155 est,
1137 2085 1305 2155 quantum
1337 2075 1373 2136 in
1404 2073 1611 2155 Hungariae
1640 2071 1837 2155 gymnasiis
1867 2073 2012 2133 laudem

271 2213 438 2275 meruerit
450 2212 768 2281 ¹Benedictinorum
792 2214 888 2276 ordo.
921 2213 1119 2294 Imperator
1135 2213 1346 2276 Franciseus
1363 2214 1399 2293 L,
1424 2232 1502 2275 cum
1527 2212 1808 2303 archiabbatiam
1831 2212 1867 2273 in
1884 2211 2011 2273 Monte

273 2373 299 2414 s.
323 2352 530 2414 Pannoniae
554 2352 599 2413 de
623 2352 839 2434 Hungaricis
863 2354 907 2414 ad
926 2351 1160 2415 Christianam
1183 2353 1393 2435 religionem
1416 2351 1666 2414 convertendis
1690 2351 1823 2432 optime
1846 2348 2012 2413 meritam

272 2512 364 2553 anno
393 2496 470 2553 1802
497 2490 726 2571 restituisset,
755 2492 877 2553 decem
903 2491 935 2553 ei
959 2491 1105 2554 tradidit
1128 2492 1333 2574 gymnasia:
1365 2490 1594 2567 Posoniense,
1626 2489 1842 2570 laurinense‚
1876 2486 2013 2569 Sopro·

273 2630 410 2710 niense,
436 2631 736 2712 Albaregalense.
761 2630 1163 2711 Quinqueecclesiense,
1189 2628 1392 2709 Ginsiense,
1417 2629 1681 2712 Tyrnaviense‚
1710 2626 2013 2707 Comaromiense,

274 2768 531 2850 Strigoniense,
556 2770 731 2850 Papense.
777 2770 817 2832 ln
848 2769 927 2851 ipso
960 2769 1175 2832 monasterio
1204 2770 1325 2831 schola
1356 2769 1617 2831 monasterialis
1641 2768 1806 2831 restituta
1830 2779 1942 2847 atque
1967 2767 2013 2827 ad

273 2907 442 2988 temporis
466 2928 567 2969 usum
592 2909 824 2971 accomodata
847 2922 883 2971 et
906 2909 1153 2990 philosophica
1177 2908 1364 2990 disciplina
1387 2916 1493 2970 aucta
1517 2916 1581 2969 est.
1614 2905 1729 2967 Tanto
1746 2905 1844 2967 oneri
1860 2904 2015 2967 ferendo

274 3067 352 3108 curn
376 3045 621 3109 archiabbatia
646 3067 715 3110 non
739 3067 804 3128 par
828 3060 934 3129 esset,
959 3050 1139 3129 complura
1163 3047 1350 3130 gymnasia
1374 3046 1660 3110 Cisterciensium
1685 3057 1719 3106 et
1741 3044 2016 3107 Praemonstra·

274 3185 425 3247 tensium
450 3205 555 3247 curae
580 3185 711 3248 tradita
735 3200 833 3257 sunt;
858 3207 878 3248 a
902 3186 1155 3267 Benedictinis‚
1180 3186 1239 3267 qui
1264 3197 1345 3249 sunt
1368 3185 1402 3247 in
1420 3185 1543 3248 Monte
1560 3183 1775 3264 Pannoniae,
1798 3182 1907 3245 hodie
1925 3202 2016 3263 quo·

274 3344 342 3405 que
362 3326 451 3387 haec
474 3324 691 3388 sustinentur
710 3325 913 3407 gymnasia:
939 3325 1189 3407 Soproniense,
1214 3324 1470 3407 strigoniense,
1492 3323 1788 3401 Comaromiense‚
1809 3318 2016 3403 Ginsiense,

274 3462 449 3543 Papense‚
473 3462 687 3525 laurinense.
727 3463 768 3525 In
792 3463 942 3546 singulis
966 3464 1063 3543 locis,
1092 3463 1152 3525 ubi
1176 3472 1257 3526 sunt
1280 3464 1478 3545 gymnasia,
1502 3480 1632 3543 magno
1657 3469 1800 3541 sumptu
1825 3469 2018 3523 exstructa

275 3613 356 3664 sunt
380 3603 552 3675 aedificia,
578 3616 614 3665 ut
638 3603 860 3685 professores
884 3604 979 3666 vitae
1004 3602 1220 3665 monasticae
1245 3602 1496 3664 communitate
1520 3601 1720 3662 fruerentur
1734 3601 1768 3678 ³).

405 3743 507 3805 Nova
528 3762 673 3823 prorsus
689 3743 884 3805 studiorum
901 3744 992 3805 ratio
1010 3752 1201 3805 consecuta
1218 3752 1273 3804 est
1290 3762 1366 3804 eam
1384 3742 1537 3803 omnium
1554 3759 1670 3803 rerum
1687 3737 2016 3815 commutationem,

277 3902 368 3963 quae
392 3902 485 3944 anno
514 3887 593 3959 1848
618 3882 714 3946 facta
738 3894 824 3945 erat.
864 3884 919 3945 Ex
943 3882 1196 3945 commentario
1221 3882 1265 3943 de
1289 3880 1554 3963 gymnasiorum
1579 3876 1776 3940 rationibus
1800 3877 1845 3938 de
1869 3876 2018 3958 integro

277 4020 481 4082 ordinandis
515 4041 606 4082 anno
642 4025 721 4099 1849
754 4022 850 4083 edito
882 4031 917 4083 et
948 4024 994 4082 ab
1023 4021 1236 4103 imperatore
1260 4018 1452 4081 Francisco
1476 4018 1628 4097 losepho
1663 4016 1865 4097 approbato
1897 4014 2018 4096 lycea,

277 4159 312 4219 in
336 4159 464 4239 quibus
487 4159 755 4241 philosophicae
779 4158 988 4240 disciplinae
1013 4169 1086 4221 turn
1111 4159 1361 4235 tradebantur,
1395 4158 1536 4219 sublata
1568 4166 1676 4236 atque
1705 4173 1784 4217 cum
1812 4152 2017 4235 gymnasiis

279 4295 466 4359 coniuncta
490 4310 581 4371 sunt,
606 4318 696 4378 quae
721 4300 767 4359 ab
791 4318 833 4358 eo
856 4308 1017 4377 tempore
1048 4298 1185 4360 octonis
1218 4297 1392 4359 classibus
1425 4304 1589 4357 constant
1619 4307 1727 4374 atque
1757 4293 1791 4354 in
1823 4291 2020 4374 gymnasia

279 4435 444 4497 inferiora
476 4448 511 4498 et
542 4436 726 4517 superiora
761 4436 984 4519 diu’iduntur‚
1017 4447 1266 4518 quaternarum
1300 4446 1450 4516 utraque
1481 4434 1656 4497 classium.
1702 4432 1838 4495 Rerum
1871 4450 2019 4513 quoque

279 4575 437 4637 accessio
461 4573 557 4636 facta
581 4585 645 4652 est,
670 4595 749 4636 cum
772 4574 894 4656 lingua
918 4576 1108 4637 vernacula
1133 4586 1168 4637 et
1192 4575 1363 4638 naturalis
1386 4574 1533 4637 historia
1560 4574 1595 4635 in
1619 4571 1885 4655 gymnasiorum
1911 4569 2020 4632 disci-

278 4716 394 4798 plinas
417 4725 695 4781 assumerentur:
720 4716 915 4778 doctrinam
933 4717 976 4778 de
999 4716 1257 4779 mathematicis
1275 4726 1310 4778 et
1327 4714 1485 4797 physicis
1501 4732 1617 4793 aequa
1632 4711 1769 4774 ratione
1787 4708 2020 4772 distributam

279 4855 314 4915 in
347 4855 496 4937 singulis
535 4854 708 4915 classibus
745 4856 836 4943 tradi
871 4857 1016 4936 placuit.
1067 4855 1291 4918 Benedictini
1331 4854 1496 4916 continuo
1534 4871 1663 4914 novum
1701 4868 1819 4911 rerum
1854 4849 2020 4911 ordinem

280 5056 443 5066 ..-.———
450 5059 587 5066 ..--.-·-

412 5186 432 5265 ¹)
456 5189 638 5244 Geschichte
663 5189 716 5244 des
740 5188 953 5263 Gymnasiums
977 5209 1011 5243 zu
1036 5191 1183 5243 Braunau.

411 5297 432 5377 ²)
456 5300 566 5365 budh,
592 5302 724 5373 Raigern
749 5301 766 5357 Ι.
792 5321 817 5357 c.
843 5302 880 5356 Il.

411 5412 434 5491 ³)
458 5415 565 5469 i'zinar
589 5415 606 5469 l.
632 5434 657 5469 c.
682 5415 704 5469 I.
