4252 6112
921 455 1203 538 —178—

189 655 353 738 genitrici
383 654 538 735 Mariae,
570 674 615 716 ss.
643 654 816 736 apostolis
842 655 952 719 Petro
983 665 1019 718 et

189 779 301 841 Paulo
317 786 425 859 atque
442 777 549 840 beato
561 775 661 839 Patri
676 785 797 839 nostro
810 776 1018 858 Benedict0,

190 910 264 963 tum
276 919 349 962 rev.
363 900 454 962 dom.
469 898 640 962 Othmaro
653 897 776 987 abbati
791 917 870 960 meo
882 897 1018 980 totique

111 992 127 1007 ..
190 1022 357 1104 capitulo,
379 1022 474 1102 quod
491 1020 705 1084 constitutus
721 1019 757 1082 in
773 1017 891 1081 officio
907 1020 1019 1082 archi·

191 1143 280 1206 varii
296 1143 414 1206 omnia
430 1152 465 1206 et
482 1142 622 1225 singula
634 1141 669 1204 in
681 1141 825 1204 archivo
841 1150 1019 1223 contenta,

190 1266 267 1329 sive
288 1265 420 1347 scripta
442 1264 521 1345 sint,
543 1263 619 1325 sive
641 1281 698 1325 res
721 1260 811 1324 aliae
835 1262 1020 1325 cuiuscun-

191 1405 260 1468 que
277 1385 410 1467 speciei
423 1394 458 1447 et
470 1383 648 1465 momenti,
660 1382 866 1446 fidelissime
879 1403 1020 1446 conser-

191 1527 276 1570 vare
297 1506 413 1589 velim,
435 1506 520 1568 nihil
536 1506 643 1570 etiam
658 1506 852 1589 ¹extradere
874 1514 935 1567 aut
958 1525 1019 1568 ex·

176 1637 352 1710 tenuare,
385 1630 569 1691 destruere
600 1638 663 1691 aut
692 1628 904 1709 abalienare,
935 1628 1021 1690 nulli

192 1752 385 1834 quidquam
417 1751 493 1813 sine
525 1769 698 1831 expressa
728 1749 921 1831 superioris
952 1751 1020 1813 mei

191 1873 336 1936 licentia
356 1845 624 1953 communicare,
646 1872 760 1934 minus
776 1871 894 1954 aliqua
909 1891 947 1934 re
963 1874 1021 1935 vel

193 1995 325 2077 scripto
356 1993 392 2056 in
423 1993 679 2075 praeiudicium
709 1993 785 2056 sive
816 1993 1021 2057 monasterii

192 2118 268 2180 sive
284 2100 436 2198 praelati
452 2115 528 2178 sive
545 2115 784 2197 cuiuscunque
805 2117 950 2180 alterius
969 2116 1020 2179 uti

192 2249 256 2302 aut
270 2238 372 2301 alteri
389 2238 556 2318 pandere.
581 2236 654 2301 Sed
675 2247 714 2300 ut
735 2238 852 2301 omnia
871 2238 907 2300 in
930 2239 1021 2319 opti·

131 2360 1020 2444 μ1110511051111111111131π111111111ρῃ1ρ1111511111-

192 2483 374 2544 laborabo.
403 2480 482 2543 Non
506 2500 566 2542 ero
589 2479 624 2543 in
648 2481 794 2543 consilio
821 2501 867 2544 ex
895 2481 1021 2544 notitia

193 2622 404 2685 quacunque
421 2602 564 2683 archivi,
586 2603 681 2683 quod
698 2611 793 2666 esset
809 2612 931 2667 contra
947 2624 1020 2666 mo-

193 2725 403 2805 nasterium,
431 2735 554 2787 contra
577 2725 795 2806 superiorem
819 2745 935 2788 meum
959 2735 1020 2815 aut

194 2819 328 2910 contra
347 2845 559 2907 confratrem
591 2864 845 2928 quemcunque.
878 2846 937 2911 Sic
964 2865 1020 2909 me

193 2968 292 3030 Deus
307 2966 453 3029 adiuvet
474 2977 510 3029 et
530 2967 618 3029 haec
639 2978 763 3031 sancta
778 2968 846 3031 Dei
866 2988 1020 3052 evange·

193 3088 271 3151 lia.“
288 3124 331 3134 -
346 3089 402 3150 Ex
423 3088 522 3151 cuius
543 3088 729 3151 iuramenti
752 3098 874 3153 tenore
898 3090 1020 3172 liquet,

192 3211 347 3274 officium
363 3211 413 3274 illi
428 3211 652 3275 commissum
672 3212 748 3275 iure
769 3213 893 3276 summi
914 3213 1020 3277 aesti-

193 3344 325 3397 matum
343 3352 431 3415 esse,
445 3334 548 3397 sicuti
563 3335 759 3398 dexteritas
771 3334 907 3398 Placidi
919 3335 955 3397 in
967 3354 1021 3397 re-

192 3458 261 3519 bus
270 3455 376 3518 etiam
384 3456 487 3518 huius
496 3456 638 3538 generis
646 3457 795 3551 agendis
804 3458 883 3520 luce
896 3457 1022 3520 clarior

193 3578 323 3642 evadit.
346 3578 435 3640 Post
454 3577 755 3641 consecrationem
772 3579 944 3642 ecclesiae
960 3599 1022 3660 pa-

193 3699 356 3762 rochialis
368 3699 643 3782 Raigradiensis
656 3720 748 3762 anno
766 3719 847 3780 1770
858 3700 898 3763 P.
911 3700 1021 3762 Wen-

194 3821 333 3885 ceslaus
363 3820 526 3882 Winkler
562 3819 842 3903 administrator,
878 3831 1021 3884 curatus

194 3943 272 4023 loci,
297 3961 422 4004 munus
443 3943 624 4005 abdicavit
645 3952 681 4005 et
696 3943 863 4006 Placidus
887 3944 922 4006 in
946 3944 1021 4007 eius

194 4065 310 4127 locum
340 4066 556 4147 subrogatur
586 4065 622 4128 vi
654 4066 787 4128 decreti
823 4066 1021 4129 consistorii

196 4185 440 4250 Olomucensis
469 4188 513 4249 de
541 4188 625 4249 dato
657 4193 686 4251 8.
714 4187 828 4269 Febr,
859 4189 942 4251 licet
968 4189 1049 4251 his·

196 4307 322 4370 diebus
330 4307 534 4370 acutissima
547 4309 715 4371 laborarit
728 4310 901 4392 podagra.
914 4310 1023 4391 Quin·

196 4428 350 4510 quennio
379 4439 461 4510 post
490 4431 536 4492 ad
566 4429 696 4493 festum
721 4432 887 4513 ponendo
914 4430 1023 4513 lapidi

195 4549 451 4612 fundamentali
471 4552 644 4614 ecclesiae
660 4549 906 4635 Syrovicensis
922 4571 1023 4635 prae·

195 4690 278 4735 sens
298 4671 413 4735 adfuit
439 4674 501 4753 (12.
525 4674 600 4736 Iun.
632 4675 738 4756 1775);
762 4675 808 4736 ad
832 4676 1023 4738 curandam

195 4792 436 4856 valetudinem
449 4793 643 4858 Czeiczium
655 4797 701 4858 ad
713 4797 842 4859 balnea
854 4797 1022 4879 perrexit,

196 4935 243 4979 ex
259 4914 388 4996 quibus
404 4917 516 4978 redux
536 4919 699 4998 sequenti
720 4938 766 4981 ex
786 4921 907 4981 morbo
927 4920 1023 4982 nullo

196 5037 301 5099 modo
322 5037 574 5101 convalescens
596 5042 642 5104 ad
662 5041 809 5105 iteratas
821 5061 956 5123 ¹preces
975 5042 1021 5103 ab

197 5157 314 5221 officio
329 5160 500 5239 pastorali
519 5163 723 5245 absolvitur,
750 5173 786 5227 et
810 5184 881 5245 qua
905 5163 1022 5226 senior

1098 659 1191 721 latus
1221 667 1340 721 aetate
1368 658 1567 739 decrepita,
1599 658 1832 741 octogenario
1860 679 1938 722 ma-

1098 780 1151 841 ior
1173 799 1376 861 supremum
1400 780 1527 842 clausit
1552 781 1646 844 diem
1668 800 1761 844 anno
1794 801 1879 862 1779
1906 786 1937 845 3.

1099 902 1211 985 April.

1184 1042 1250 1104 Vir
1276 1052 1353 1105 erat
1385 1064 1454 1106 non
1487 1042 1655 1106 mediocri
1682 1043 1847 1106 doctrina
1884 1043 1938 1106 in·

1099 1173 1264 1245 structus,
1279 1165 1332 1227 rei
1347 1165 1597 1248 diplomaticae
1614 1166 1700 1228 satis
1716 1166 1868 1248 peritus,
1884 1168 1938 1231 hi·

1099 1286 1229 1350 storiae
1249 1287 1386 1369 patriae
1405 1287 1501 1350 haud
1522 1287 1677 1371 ignarus,
1701 1289 1803 1353 cuius
1825 1290 1936 1354 docu-

1100 1419 1219 1472 menta
1234 1408 1377 1490 reliquit
1394 1410 1594 1492 sequentia:

1186 1554 1209 1610 1.
1227 1553 1323 1611 Gesta
1339 1556 1368 1610 in
1383 1554 1520 1611 sollemni
1537 1557 1766 1625 consecratione
1780 1556 1936 1614 ecclesiae
1964 1584 1969 1594 ·

1100 1658 1282 1732 parochialis
1302 1677 1327 1714 s.
1345 1661 1442 1715 crucis
1465 1677 1530 1715 cum
1552 1659 1730 1735 appendice,
1757 1660 1884 1735 quando
1904 1675 1935 1718 et

1100 1762 1254 1836 quomodo
1267 1762 1366 1819 divina
1378 1762 1488 1819 ibidem
1501 1765 1561 1820 sint
1577 1762 1767 1830 celebranda,
1786 1764 1935 1823 adnotata

1100 1884 1178 1923 anno
1195 1880 1285 1941 1770.
1310 1868 1397 1925 Fasc.
1416 1869 1444 1924 in
1460 1866 1511 1924 101.
1528 1869 1593 1924 sinc
1605 1886 1676 1944 pag.
1693 1871 1722 1925 in
1735 1869 1863 1926 archivo
1876 1868 1932 1927 sub

1100 1971 1133 2027 B.
1150 1971 1216 2028 VII.
1233 1986 1262 2044 5.

1187 2093 1224 2148 II.
1246 2093 1356 2149 Notata
1377 2096 1457 2150 circa
1473 2106 1601 2150 statuam
1618 2114 1642 2151 s.
1660 2095 1782 2153 Ioannis
1798 2097 1878 2172 Nep.
1894 2096 1931 2153 ad

1100 2194 1272 2252 fonticulum
1307 2197 1430 2253 arculae
1461 2195 1714 2254 Rebelovicensis
1750 2200 1930 2257 collocatam

1099 2302 1185 2357 annis
1205 2298 1372 2374 1771-76
1389 2315 1544 2376 congesta.
1565 2303 1653 2358 Fasc.
1672 2305 1700 2358 in
1716 2317 1758 2376 40.
1777 2307 1844 2362 sine
1860 2325 1929 2382 pag.

1100 2403 1156 2461 sub
1173 2406 1206 2461 B.
1222 2405 1288 2462 VII.
1310 2413 1362 2462 10²
1378 2406 1501 2463 archivi.

1186 2527 1238 2583 III.
1275 2528 1410 2585 Historia
1445 2529 1607 2604 parochiae
1639 2529 1867 2604 Raigradiensis
1902 2547 1930 2590 et

1100 2631 1290 2688 miscellanea
1316 2635 1401 2689 varia
1430 2632 1488 2689 huc
1516 2635 1684 2709 spectantia
1711 2653 1728 2691 a
1756 2633 1929 2693 fundatione

1100 2739 1273 2792 monasterii
1294 2755 1389 2812 usque
1410 2736 1447 2792 ad
1463 2755 1572 2792 annum
1594 2751 1683 2811 1777.
1709 2739 1797 2796 Fasc.
1825 2742 1855 2796 in
1880 2740 1929 2798 101.

1099 2843 1164 2898 sine
1179 2848 1249 2917 pag.
1267 2840 1322 2898 sub
1339 2843 1371 2898 B.
1389 2842 1454 2899 VII.
1476 2857 1508 2898 11
1528 2843 1651 2899 archivi.

1187 2964 1236 3020 IV.
1261 2963 1339 3020 Acta
1362 2964 1547 3040 parochialia
1571 2966 1603 3021 P.
1625 2965 1737 3022 Placidi
1762 2970 1858 3023 curati
1880 2968 1929 3024 Ni·

1099 3066 1288 3141 grofanensis
1301 3064 1587 3148 (Ostrovadicensis)
1603 3067 1641 3125 ab
1655 3088 1733 3126 anno
1750 3085 1786 3145 17
1791 3085 1929 3144 53—71.

1100 3172 1187 3228 Fasc.
1205 3174 1233 3227 in
1250 3179 1292 3244 4⁰.
1309 3175 1374 3229 sine
1389 3192 1459 3248 pag.
1475 3171 1531 3229 sub
1548 3174 1580 3230 B.
1597 3174 1649 3230 IX.
1667 3190 1686 3247 9
1703 3175 1829 3233 archivi.

1186 3296 1222 3352 V.
1239 3295 1317 3351 Acta
1333 3297 1361 3350 in
1378 3314 1468 3352 causa
1485 3299 1738 3371 praesentationis
1754 3299 1787 3354 P.
1805 3299 1932 3357 Friede-

1101 3401 1154 3455 rici
1171 3398 1292 3455 Schmid
1309 3418 1365 3475 pro
1382 3402 1496 3456 curatia
1512 3401 1732 3476 Nigrosanensi‚
1749 3422 1842 3478 quam
1860 3424 1934 3462 con·

1101 3504 1252 3559 sistorium
1273 3516 1434 3579 acceptare
1454 3506 1552 3560 renuit
1574 3503 1614 3561 ob
1631 3520 1799 3564 emanatum
1820 3508 1936 3566 altissi-

1101 3627 1179 3663 mum
1196 3606 1348 3664 decretum
1371 3607 1408 3664 de
1428 3607 1499 3664 dato
1522 3624 1571 3664 20.
1588 3610 1675 3666 Mart.
1698 3625 1788 3684 1772,
1814 3626 1858 3678 ut,
1884 3613 1936 3671 ubi

1102 3724 1163 3769 tres
1187 3712 1225 3768 ad
1245 3713 1394 3768 minimum
1419 3712 1551 3786 religiosi
1576 3731 1636 3769 non
1658 3716 1726 3783 sint,
1751 3713 1937 3775 beneficium

1101 3816 1239 3890 regulare
1248 3815 1420 3872 conletatur
1431 3815 1654 3886 ecclesiastic0;
1668 3831 1716 3874 ast
1729 3820 1785 3876 iam
1801 3835 1849 3894 15.
1861 3823 1936 3880 Maii

1101 3940 1127 3977 e.
1152 3940 1200 3976 a0.
1224 3920 1388 3977 declaratio
1416 3940 1561 3977 caesarea
1588 3923 1757 3981 confusioni
1786 3927 1938 4002 imposuit

1101 4024 1187 4080 linem
1221 4038 1251 4081 et
1281 4025 1360 4081 dicta
1390 4028 1596 4101 praesentatio
1627 4030 1779 4105 acceptari
1817 4029 1938 4088 debuit.

1102 4129 1212 4185 Rerum
1236 4131 1332 4185 series
1353 4129 1505 4205 descripta
1527 4149 1629 4205 per..
1648 4175 1654 4187 .
1673 4175 1679 4188 .
1702 4145 1839 4189 curatum
1864 4134 1939 4192 Rai-

1101 4232 1301 4307 gradiensem.
1319 4234 1408 4290 Fasc.
1426 4235 1454 4288 in
1471 4232 1553 4301 loli0,
1571 4237 1634 4292 sine
1651 4254 1721 4312 pag.
1738 4235 1797 4293 sub
1813 4238 1847 4294 B.
1863 4239 1904 4294 X.
1919 4238 1938 4297 8

1103 4337 1225 4393 archivi.

1187 4458 1238 4515 VI.
1256 4459 1414 4535 Expositio
1430 4479 1467 4516 ac
1484 4460 1635 4517 meditatio
1653 4463 1744 4537 inps.
1761 4476 1804 4534 50
1821 4457 1939 4523 Hiero'·

1102 4563 1181 4636 nymi
1197 4560 1405 4619 Savonarolae
1424 4563 1462 4619 de
1478 4564 1619 4620 Ferraria
1641 4584 1678 4621 ex
1699 4565 1804 4623 Italico
1825 4569 1857 4624 iu
1874 4569 1938 4626 La·

1103 4667 1194 4723 tinum
1212 4669 1363 4724 transtulit
1378 4670 1410 4725 P.
1424 4668 1466 4724 Pl.
1480 4669 1518 4725 H.
1535 4687 1614 4725 anno
1635 4669 1725 4743 1781.
1742 4672 1830 4728 Fasc.
1845 4674 1879 4730 iu
1891 4680 1937 4747 4⁰.

1102 4773 1167 4828 sine
1183 4790 1254 4848 pag.
1271 4772 1327 4829 sub
1344 4774 1379 4829 E.
1398 4790 1426 4847 9.
1447 4786 1462 4846 7
1480 4773 1603 4830 archivi.

1188 4894 1253 4951 VII.
1281 4895 1458 4952 Cantionale
1481 4898 1692 4966 monasticum,
1716 4898 1799 4972 quod
1822 4878 1936 4975 partim

1102 5017 1139 5054 ex
1163 4998 1338 5056 melodiario
1363 5002 1608 5076 congregationis
1630 5002 1936 5063 bohemo-Morato-

1101 5099 1271 5160 Silesiticae
1294 5123 1323 5161 o.
1345 5124 1369 5161 s.
1392 5105 1424 5161 P.
1442 5107 1513 5161 Ben.
1538 5106 1646 5181 partim
1670 5125 1707 5173 111
1732 5107 1881 5183 psalterio
1905 5123 1937 5166 et

1100 5206 1285 5283 antiphonali
1301 5207 1501 5266 Fuldensibus
1516 5209 1553 5264 ad
1570 5211 1752 5285 regulariter
1767 5213 1935 5270 flectendas

198 5286 235 5340 ei
245 5277 392 5343 fratrum
405 5283 642 5348 confessarius
656 5286 760 5368 (³⁰⁰0
777 5305 857 5365 ¹794
871 5290 921 5349 30·
931 5286 1020 5351 NOV·
1060 5340 1063 5354 ·
1100 5311 1312 5385 religiosorum
1340 5315 1469 5370 tironum
1496 5332 1589 5372 voces
1621 5332 1716 5390 opera
1746 5334 1801 5373 sua
1829 5316 1935 5374 conie-

198 5401 355 5462 secunda
388 5405 466 5467 viee
500 5405 696 5492 professus)
731 5409 899 5471 sacerdos
933 5408 1021 5471 iubi·
1060 5359 1063 5482 1
1101 5416 1142 5471 cit
1164 5416 1195 5472 P.
1216 5417 1258 5472 Pl.
1276 5417 1314 5473 H.
1335 5437 1360 5474 s.
1376 5436 1425 5474 ao.
1449 5419 1505 5475 Ms.
1530 5420 1559 5474 in
1583 5418 1665 5486 1ο110,
1689 5419 1754 5476 sine
1778 5438 1850 5495 pag.
1875 5419 1934 5478 sub
