4252 6112
920 482 970 490 -
1030 460 1096 508 122
1155 481 1203 489 *-

190 648 342 711 effusum
359 648 492 730 luxum,
515 667 619 729 quem
641 667 731 730 gens
746 648 879 711 rustica
896 657 932 709 et
947 645 1023 727 opi·
1102 642 1269 704 Pluribus
1286 643 1413 705 diebus
1429 643 1566 705 feriatis
1583 642 1762 725 pontificis
1778 645 1937 725 supremi

192 771 297 833 ficum
305 791 396 854 grex
406 791 521 852 aeque
530 791 571 833 ac
581 771 719 834 nobiles
732 768 1022 834 ethuiussaeculi
1102 764 1314 827 auctoritate
1344 765 1380 828 in
1407 767 1632 828 'commodum
1658 766 1870 829 rusticorum
1900 778 1938 829 et

189 894 321 958 divites
347 894 384 956 in
408 894 570 956 vestibus
596 894 758 956 fecerunt
784 913 914 976 magno
942 912 1021 955 cum
1059 940 1062 997 ,
1102 885 1267 969 opificum
1284 907 1326 950 eo
1343 889 1564 969 potissimum
1585 887 1655 951 fine
1676 890 1872 971 abrogatis,
1897 901 1937 951 ut

191 1018 321 1079 damno
337 1016 557 1096 familiarum,
575 1015 731 1078 cohiberi
743 1015 855 1079 voluit
870 1014 1020 1097 legibus,
1059 1002 1063 1095 ξ
1102 1011 1272 1091 deinceps
1288 1010 1414 1073 diebus
1431 1011 1616 1073 dominicis
1633 1021 1669 1073 et
1682 1013 1726 1073 de
1738 1020 1936 1093 praecepto

191 1139 322 1220 quibus
339 1140 455 1220 quoad
477 1138 661 1201 materiam
677 1149 714 1200 et
728 1138 877 1200 formam
894 1138 1022 1199 decen·
1059 1098 1062 1157 ξ
1101 1131 1240 1195 festivis
1261 1133 1415 1215 populus
1437 1133 1647 1196 christianus
1665 1153 1707 1195 eo
1724 1132 1883 1195 sanctius
1900 1143 1939 1195 et

90 1256 94 1271 ’
192 1260 443 1324 temvestitum
453 1260 753 1341 utriusquesexus
763 1257 1021 1322 determinavit.
1101 1254 1683 1336 devotiusDeoserviret,subditis
1698 1274 1822 1317 severe
1831 1275 1938 1335 prae-

192 1383 268 1445 Nec
292 1402 361 1444 non
385 1382 549 1445 convivia
573 1381 676 1443 nimis
699 1383 796 1444 lauta
818 1380 855 1443 in
879 1379 1021 1461 nuptiis,
1103 1377 1212 1458 cepit,
1240 1387 1279 1440 ut
1304 1377 1359 1440 his
1387 1378 1512 1440 diebus
1540 1377 1715 1459 concioni,
1743 1376 1937 1459 catechesi,

193 1505 382 1586 puerperio
403 1513 439 1567 et
459 1503 645 1566 infantium
661 1503 840 1585 baptismo
856 1501 1022 1583 apparari
1061 1548 1064 1623 ,
1102 1500 1348 1563 sanctissimae
1369 1500 1498 1563 missae
1519 1500 1692 1564 sacrificio
1714 1511 1749 1564 et
1771 1500 1937 1582 vesperis

191 1627 298 1689 solita
318 1625 484 1708 restringi
505 1625 744 1708 praescripsit.
768 1623 933 1706 Denique
954 1643 1023 1685 non
1061 1636 1064 1717 ξ
1103 1625 1234 1685 devote
1249 1623 1475 1705 adsisterent,
1498 1626 1543 1685 ab
1564 1623 1657 1686 omni
1678 1644 1786 1705 opere
1803 1623 1937 1705 servili,

193 1758 314 1830 potest
329 1747 468 1810 silentio
485 1746 671 1828 praeteriri
687 1746 857 1829 principis
878 1746 1023 1808 circum·
1061 1748 1064 1825 2
1103 1745 1327 1826 commercio,
1350 1745 1503 1826 publicis
1524 1745 1661 1807 choreis
1683 1746 1875 1829 diligenter
1899 1756 1938 1809 et

192 1870 394 1952 spicientia,
423 1888 531 1949 quam
555 1869 707 1931 subditis
734 1868 896 1931 adhibuit
923 1867 1024 1930 annis
1103 1877 1270 1931 accurate
1294 1888 1333 1929 se
1350 1867 1582 1931 continerent.
1611 1868 1734 1930 Voluit
1750 1868 1869 1950 simul,
1891 1888 1938 1930 ne

198 2011 275 2071 1771
297 2001 333 2054 et
353 2010 444 2071 1772,
467 1990 526 2072 qui
546 1990 582 2052 in
598 2010 734 2052 summa
754 2009 916 2053 annonae
937 1989 1023 2052 cari·
1104 2009 1165 2052 eos
1182 1989 1351 2052 conviciis
1368 1989 1591 2071 impeterent,
1614 1989 1673 2071 qui
1694 1989 1729 2051 in
1751 1989 1938 2072 abrogatis

193 2124 269 2177 tate
286 2122 397 2194 erant,
423 2122 462 2175 ut
482 2111 604 2193 fruges
628 2113 674 2173 ad
696 2131 826 2192 panem
850 2111 1023 2192 quotidia-
1062 2146 1064 2213 ξ
1103 2113 1200 2175 feriis
1213 2112 1308 2174 domi
1320 2121 1382 2174 aut
1395 2111 1465 2173 ruri
1479 2131 1568 2194 opus
1580 2111 1750 2193 facerent,
1767 2132 1848 2174 cum
1862 2132 1938 2174 cer-

193 2255 276 2299 num
307 2244 344 2297 et
375 2235 613 2296 conserandos
643 2252 750 2315 agros
777 2233 840 2295 vix
869 2233 1024 2295 maximo
1061 2218 1064 2353 ἱ
1103 2246 1177 2298 tum
1203 2234 1263 2315 sit,
1287 2253 1459 2296 concesso
1485 2235 1634 2296 honesto
1662 2234 1784 2295 labore
1809 2233 1938 2296 melius

193 2357 309 2440 pretio
329 2357 452 2419 haberi
469 2366 627 2437 possent,
650 2356 820 2437 multique
838 2355 873 2418 in
891 2356 1024 2418 exteris
1062 2362 1064 2487 p
1103 2357 1181 2419 Deo
1195 2356 1329 2437 serviri,
1347 2376 1453 2436 quam
1469 2375 1580 2437 pravo
1595 2365 1658 2418 aut
1674 2357 1800 2417 saltem
1817 2355 1937 2418 inutili

194 2479 298 2543 terris
320 2479 395 2540 fere
418 2478 511 2540 fame
535 2478 705 2560 perirent,
734 2487 795 2541 aut
822 2479 868 2539 ad
895 2498 1023 2560 panem
1062 2492 1064 2602 2
1103 2478 1186 2541 oti0.
1210 2476 1442 2541 Subditorum
1462 2477 1704 2558 spiritualibus
1725 2476 1936 2558 indigentiis

193 2603 472 2682 comparandum
496 2609 703 2682 extremum,
728 2611 766 2664 ut
789 2601 903 2682 aiunt,
927 2621 1024 2663 num·
1062 2608 1064 2643 ³
1105 2600 1343 2663 celebratione
1361 2619 1540 2662 sacrorum
1558 2608 1593 2662 et
1612 2600 1773 2662 doctrina
1792 2600 1937 2682 religio·

194 2744 288 2788 mum
305 2725 509 2805 expendere
527 2722 639 2786 coacti
657 2732 786 2787 essent.
811 2721 915 2785 Cavit
930 2722 1024 2785 solli-

195 2846 288 2909 citus
304 2845 472 2927 princeps
493 2846 560 2906 sub
581 2844 794 2927 gravissima
814 2845 956 2927 mulcta,
979 2866 1023 2908 ne

193 2968 317 3051 fruges
332 2966 368 3029 in
384 2967 460 3029 solo
473 2965 641 3028 Biasiano
657 2976 762 3029 natae
779 2967 1022 3049 eveherentur,

194 3098 257 3152 aut
268 3089 312 3151 iis
320 3091 568 3169 venderentur,
585 3088 644 3169 qui
658 3097 795 3151 tantum
808 3088 922 3170 turpis
936 3089 1024 3152 lucri

197 3211 313 3294 gratia
323 3221 454 3292 emunt,
467 3221 506 3273 ut
519 3230 624 3290 quam
638 3210 789 3293 plurimo
800 3211 928 3274 iterum
940 3231 1025 3274 ven·

197 3335 283 3396 dant
314 3333 459 3415 insuper
488 3333 611 3395 habita
637 3333 782 3414 publica
812 3333 1024 3397 calamitate.

195 3455 275 3537 Quo
295 3456 428 3520 factum
451 3465 516 3535 est,
541 3465 581 3518 ut
601 3455 734 3518 subditi
755 3455 877 3538 fruges
900 3455 1025 3518 minori

196 3579 312 3662 pretio
328 3580 460 3640 habere
476 3588 634 3659 possent,
659 3587 695 3640 et
715 3578 934 3660 pauperibus
954 3587 1025 3641 tur-

196 3702 317 3765 matim
341 3699 598 3764 confluentibus
623 3702 849 3784 eleemosyna
872 3722 941 3764 non
966 3703 1026 3764 de-

197 3833 304 3890 esset.
338 3824 405 3885 llis
432 3823 582 3904 aliisque
609 3823 811 3906 beneficiis,
843 3824 949 3887 etiam
980 3844 1025 3886 ex

198 3947 378 4009 aerarios.
396 3946 506 4008 Blasii
526 3947 625 4027 large
648 3945 683 4007 in
699 3946 861 4008 subditos
878 3946 1026 4009 delectis

198 4078 235 4130 et
259 4068 390 4130 domini
414 4087 477 4129 seu
497 4068 654 4148 regentis
678 4066 832 4130 officium
856 4068 1026 4151 implevit,
1065 4076 1067 4081 '

198 4201 235 4251 et
255 4188 367 4270 patris
388 4188 553 4252 affectum
575 4191 717 4251 abunde
738 4192 1027 4254 commonstravit

200 4311 353 4391 optimus
370 4311 546 4392 princeps.

287 4430 436 4513 Semper
466 4451 599 4494 memor
630 4432 826 4496 officiorum
857 4435 1027 4519 principis

199 4573 263 4616 seu
275 4554 443 4635 regentiS,
457 4554 563 4617 etiam
575 4555 715 4638 legibus
728 4555 887 4637 intendit,
898 4566 936 4620 ut
946 4560 1028 4619 sub-

200 4676 266 4739 diti
281 4675 436 4757 supremi
457 4675 589 4739 domini
608 4679 709 4768 leges
728 4680 970 4762 observarent,
992 4689 1028 4741 et

1103 2720 1157 2784 nis
1189 2723 1426 2804 consulturus,
1459 2722 1494 2783 in
1522 2722 1726 2803 Eschbach,
1755 2721 1936 2799 Brenden‚

1103 2843 1425 2907 Hiichenschwand
1456 2855 1492 2909 et
1518 2845 1629 2908 Ibach
1658 2854 1823 2925 pastores
1854 2864 1937 2926 pro-

1103 2967 1210 3049 prioS,
1223 2969 1397 3050 parochos
1410 2968 1542 3050 quippe
1558 2967 1720 3048 instituit,
1738 2967 1798 3048 qui
1814 2967 1850 3027 in
1867 2967 1936 3029 illis

1103 3091 1208 3174 pagis
1238 3091 1458 3172 residebant,
1493 3111 1599 3153 curae
1634 3091 1828 3153 animarum
1867 3090 1937 3152 sibi

1105 3213 1370 3290 commissarum
1390 3222 1576 3286 vacantes;
1600 3213 1636 3273 in
1656 3212 1851 3294 Albbrugg
1874 3232 1936 3273 au-

1104 3346 1176 3398 tem
1192 3336 1361 3398 sacellum
1377 3336 1533 3416 amplum
1555 3345 1590 3397 et
1612 3337 1777 3397 decorum
1795 3344 1935 3396 exstru-

1104 3457 1158 3520 xit
1175 3457 1210 3519 in
1226 3458 1378 3540 gratiam
1395 3456 1560 3538 opificum
1573 3455 1737 3519 officinae
1752 3456 1934 3536 ferrariae,

1064 3594 1066 3715 p
1106 3589 1142 3643 et
1165 3580 1199 3641 in
1223 3578 1386 3660 proxima
1413 3579 1581 3660 parochia
1604 3577 1826 3660 Tongerensi
1854 3597 1935 3659 pro·

1064 3740 1066 3769 :
1106 3700 1220 3781 prium
1244 3700 1412 3763 vicarium
1436 3700 1573 3762 institui
1596 3699 1695 3779 fecit,
1720 3698 1779 3780 qui
1804 3698 1840 3761 in
1866 3699 1934 3761 isto

1064 3798 1066 3845 ²
1107 3824 1237 3886 sacello
1254 3843 1356 3885 sacra
1371 3822 1516 3904 faceret,
1534 3831 1570 3885 et
1586 3841 1708 3883 omnes
1729 3831 1853 3903 partes
1873 3842 1934 3904 pa·

1065 4000 1067 4007 .
1107 3946 1213 4008 storis
1230 3946 1422 4008 sustineret
1438 3945 1473 4007 in
1490 3945 1682 4026 operarios,

1193 4069 1448 4131 Monasterium
1470 4068 1670 4130 monialium
1687 4087 1717 4130 o.
1735 4087 1761 4128 s
1779 4068 1821 4130 B.
1839 4087 1860 4129 a
1876 4087 1936 4129 ve·

1107 4190 1256 4252 nerabili
1280 4192 1411 4253 abbate
1433 4191 1598 4253 Rusteno
1624 4192 1658 4252 in
1683 4200 1802 4252 monte
1827 4191 1937 4253 Bero-

1065 4370 1067 4447 ,
1106 4312 1220 4375 viensi
1243 4312 1444 4384 fundatum,
1470 4313 1552 4375 inde
1580 4316 1625 4375 ab
1653 4312 1789 4394 origine
1818 4315 1937 4394 quoad

1065 4454 1067 4505 l
1106 4436 1306 4517 spiritualia
1323 4447 1358 4499 et
1375 4437 1584 4517 temporalia
1605 4437 1797 4499 abbatibus
1813 4456 1840 4498 s.
1855 4436 1937 4498 Bla-

1065 4562 1067 4647 ξ
1106 4557 1149 4619 sii
1166 4567 1243 4621 erat
1256 4558 1463 4639 subiectum,
1481 4579 1673 4640 eorumque
1686 4556 1936 4637 munificentia,

1107 4681 1225 4742 sexies
1241 4681 1324 4763 igne
1341 4691 1572 4763 consumtum,
1594 4681 1775 4763 pulchrius
1796 4700 1937 4762 semper

199 4799 310 4862 vitam
327 4800 499 4882 degerent
516 4799 707 4862 christiano
721 4801 860 4863 nomine
873 4802 1026 4882 dignam.
1065 4810 1067 4839 ¹
1108 4812 1144 4866 et
1160 4803 1279 4884 aptius
1295 4803 1506 4867 restitutum.
1529 4804 1618 4865 Post
1633 4803 1767 4865 obitum
1784 4823 1937 4885 praepo·

1065 4886 1067 4933 l

201 4920 288 4984 Cum
314 4932 533 5003 compertum
558 4923 716 5005 haberet,
740 4923 828 4986 vitia
853 4924 969 4988 carnis
992 4935 1028 4988 et
1065 4938 1068 5027 ἱ
1108 4924 1198 4986 sitae
1213 4925 1394 4987 Victoriae
1416 4924 1555 5006 Meyer,
1580 4945 1671 5007 quae
1693 4924 1865 4987 moniales
1887 4925 1937 4987 ni-

201 5045 390 5124 pessimam
414 5045 551 5106 iurandi
575 5055 611 5108 et
634 5045 817 5127 peierandi
841 5057 1027 5111 consuetu·
1065 5030 1068 5175 ἱ
1107 5047 1214 5109 mium
1230 5057 1400 5128 quantum
1420 5057 1580 5128 auxerat,
1605 5047 1740 5110 reditus
1764 5047 1936 5127 coenobii,

203 5165 319 5228 dinem
344 5167 434 5229 inter
450 5168 612 5230 subditos
629 5168 801 5250 grassari,
822 5170 867 5230 ad
884 5189 927 5231 ea
943 5172 1028 5233 abo-

202 5287 307 5348 lenda
328 5308 473 5351 severas
497 5291 597 5373 leges
623 5311 700 5353 cum
727 5291 867 5354 mulctis
889 5301 925 5354 et
944 5312 1027 5375 poe·

202 5408 256 5469 nis
278 5412 518 5492 corporalibus
544 5413 730 5476 autetiam
752 5413 872 5475 sanxit
892 5410 1027 5476 exsilio.

1107 5190 1286 5250 nunquam
1304 5169 1450 5252 copiosi,
1467 5179 1566 5233 tanto
1576 5190 1721 5232 numero
1733 5170 1936 5232 monialium

1107 5292 1170 5354 vix
1185 5290 1366 5354 suffecturi
1382 5295 1633 5365 credebantur;
1655 5303 1692 5355 at
1712 5295 1826 5355 abbas
1843 5292 1937 5354 Mar·

1107 5413 1202 5476 tinus
1217 5435 1282 5496 pro
1292 5434 1357 5476 sua
1370 5415 1404 5477 in
1416 5415 1508 5478 filias
1521 5416 1708 5479 clementia
1720 5414 1935 5498 periclitanti
