4252 6112
925 468 1205 556 ‚183-

278 676 329 733 IV.
351 677 434 733 hlelk
451 675 509 732 und
525 676 573 732 die
589 677 675 732 Mark
692 676 745 732 der
760 675 977 753 Babenberger
994 680 1021 733 in

191 783 273 838 ihrer
285 780 453 856 Griindung
469 781 528 837 und
545 780 795 857 urspriinglichen
808 779 1020 856 Abgrenzung.

191 883 221 964 (i.
244 905 270 942 0.
291 886 338 941 De
354 904 433 943 mon.
450 885 614 942 Mellicensi
637 899 667 942 et
684 886 887 943 marchionatu
904 884 1021 943 Baben·

191 989 405 1068 bergensium.)
421 990 497 1047 Loc.
515 992 565 1046 cit.
587 988 676 1063 1870.

278 1113 314 1169 V.
331 1112 459 1169 Welche
475 1113 674 1169 erziehlichen
687 1113 843 1170 Elemente
864 1114 962 1188 liegen
983 1116 1020 1170 im

192 1217 568 1281 Geschichtsunterrichte‚
585 1216 644 1272 und
657 1219 713 1273 wie
726 1217 800 1273 lasst
812 1218 874 1274 sich
888 1217 942 1274 das
954 1217 1021 1274 dem
1080 1294 1084 1302 Ι

192 1320 388 1397 Gymnasium
411 1321 569 1395 gesteckte
591 1321 652 1377 Ziel
677 1318 854 1378 erreichen?
878 1318 908 1399 (i.
926 1341 952 1378 e.
974 1323 1021 1379 De

192 1426 303 1483 influxu
321 1425 465 1481 historiae
482 1427 511 1481 in
527 1422 756 1503 educationem.)
772 1426 848 1484 Loc.
862 1428 912 1483 cit.
931 1425 1020 1501 1875.

279 1547 329 1604 Vl.
359 1545 460 1607 Ueber
486 1546 543 1602 den
571 1546 638 1603 Gau
662 1546 838 1604 Grunzuiti.
870 1545 900 1626 (i.
924 1568 950 1605 0.
975 1549 1021 1605 De

192 1670 274 1729 pago
291 1648 532 1730 Grunzwitensi.)
548 1651 582 1707 ln
594 1651 651 1707 den
664 1651 798 1708 Blattern
810 1652 864 1709 des
875 1652 902 1710 V
904 1655 1022 1709 ereines

192 1755 240 1814 Ifir
260 1756 481 1812 Landeskunde
506 1757 534 1810 in
557 1755 844 1814 Niedcrdsterreich.
867 1757 1022 1832 Jahrgang

197 1859 288 1933 1873.
305 1880 334 1935 p.
353 1875 532 1918 201—210.

280 1965 345 2022 VII.
368 1964 502 2039 Riidiger
522 1984 582 2021 ron
602 1965 760 2021 Pochlarn.
785 1965 842 2021 Ein
863 1965 1023 2023 kritischer

192 2069 329 2127 Versuch
346 2089 398 2124 zur
414 2068 600 2144 Aufhellung
612 2069 715 2143 dieses
731 2069 871 2126 Namens.
889 2064 959 2146 (1.0.
976 2071 1023 2127 De

193 2174 347 2248 Rudigere
367 2192 384 2229 a
406 2174 563 2240 Pochlarn
580 2174 749 2249 disquisitio
765 2172 930 2251 historica.)
947 2175 1022 2232 Loc.

194 2281 244 2336 cit.
261 2297 291 2353 p.
314 2292 489 2351 151—157.

280 2382 361 2439 VIII.
387 2383 444 2438 Die
466 2383 548 2457 Burg
569 2383 738 2440 Hoheneck
762 2385 790 2440 in
814 2382 1023 2440 Niederdster·

194 2487 286 2543 reich.
311 2483 340 2564 (i.
358 2504 385 2542 e.
409 2486 474 2542 Arx
490 2487 657 2544 Hoheneck
682 2489 710 2542 in
727 2487 848 2543 Austria
869 2485 1022 2567 inferiori.)

194 2591 270 2647 Loe.
288 2591 337 2646 cit.
353 2591 457 2666 Jahrg.
479 2589 569 2663 1874.
587 2610 616 2666 p.
635 2605 815 2666 245—270.

281 2695 333 2750 IX.
352 2695 408 2751 Die
422 2694 594 2770 Osterburg
607 2697 636 2751 in
648 2696 935 2754 Niederdsterreich.
952 2693 981 2774 (i.
996 2715 1022 2754 e.

194 2799 258 2855 Arx
283 2798 456 2873 Osterburg
480 2798 612 2878 ibidem.)
636 2801 711 2858 Loc.
733 2803 783 2858 cit.
808 2799 1022 2877 Jahrg.1875.

195 2924 224 2980 p.
246 2917 358 2976 1—17.

282 3009 319 3064 X.
342 3006 443 3083 Sagen
464 3027 518 3064 aus
535 3008 589 3065 der
603 3009 844 3084 'Donaugegend
868 3005 898 3086 (i.
915 3028 942 3066 e.
964 3009 1023 3066 Le·

195 3111 312 3187 gendae
338 3114 366 3167 in
389 3112 564 3187 regionibus
590 3112 719 3170 Danubii
749 3110 916 3192 collectae.)
947 3113 1022 3170 Loc.

197 3218 246 3273 cit.
264 3236 294 3292 p.
313 3231 471 3289 204-1o‚
490 3232 668 3291 293—297.

282 3322 334 3378 XI.
352 3320 414 3377 Das
430 3320 554 3378 Schloss
567 3320 760 3379 Schonbiihel
774 3324 801 3379 in
814 3323 1023 3380 Niederoster·

196 3426 288 3483 reich.
315 3423 344 3503 (i.
367 3445 393 3482 e.
415 3427 461 3482 De
486 3445 557 3483 arce
578 3425 772 3484 Schonbfihel
789 3430 817 3483 111
837 3428 960 3485 Austria
981 3429 1024 3484 in·

195 3527 320 3607 seriori.)
344 3530 419 3585 Loc.
438 3531 486 3585 cit.
509 3550 537 3606 p.
557 3529 692 3604 71—86‚
720 3528 896 3605 186—196,
919 3545 1025 3606 271-

198 3631 269 3690 282.
286 3633 387 3709 Jahrg.
410 3631 499 3706 1876.
517 3654 546 3710 p.
564 3633 701 3708 55—67‚
723 3649 898 3709 192—201.

284 3739 350 3795 XII.
367 3739 510 3796 Heinrich
524 3741 557 3808 1.,
574 3740 733 3815 Markgral
745 3759 805 3797 ron
819 3740 1023 3807 Oesterreich‚

196 3842 256 3898 und
282 3844 364 3899 seIne
387 3844 461 3900 Zeit.
485 3840 563 3921 (1.0.
588 3844 737 3901 Henricus
760 3845 782 3901 l.
806 3845 939 3901 marchio
962 3843 1024 3900 Au·

196 3945 310 4025 striae.)
326 3948 402 4004 Loc.
419 3949 468 4004 cit.
484 3948 586 4023 Jahrg.
608 3948 697 4023 1873.
715 3969 745 4025 p.
764 3947 943 4022 283-309.

283 4070 365 4126 XIII.
387 4068 543 4135 Adalbert,
565 4070 724 4146 Markgral
740 4090 800 4128 ron
817 4071 1023 4139 Oesterreich,

195 4172 255 4229 und
268 4175 351 4229 scine
364 4175 438 4230 Zeit.
455 4171 484 4252 (i.
498 4193 524 4231 e.
538 4174 730 4244 Adalbertus,
744 4176 876 4233 marchio
885 4177 1024 4233 Austria·

197 4276 272 4356 cus.)
295 4279 371 4334 Loc.
394 4281 443 4335 cit.
467 4279 568 4355 Jahrg.
590 4279 679 4355 1874.
704 4301 733 4357 p.
759 4295 936 4355 117-133‚
961 4279 1023 4339 216

196 4396 313 4455 -227,
330 4381 511 4455 302—326.

142 4480 147 4490 ’
285 4487 364 4544 XIV.
390 4488 447 4543 Die
471 4487 614 4544 Ostmark
638 4507 690 4543 zur
710 4489 776 4545 Zeit
800 4491 909 4546 Kaiser
932 4490 1025 4546 Hein-

197 4591 261 4647 rich
278 4590 328 4647 lV.
352 4589 400 4647 bis
423 4611 474 4646 zur
497 4590 641 4648 Schlacht
662 4611 700 4648 an
720 4592 774 4649 der
790 4594 922 4651 Unstrut.
947 4592 977 4672 (i.
998 4614 1025 4652 e.

196 4697 422 4753 Marchionatus
445 4697 483 4753 ad
509 4700 655 4754 orientem
683 4701 758 4755 situs
783 4711 919 4776 tempore
944 4701 1026 4758 Hen-

197 4803 250 4857 rici
268 4797 330 4878 IV.)
347 4801 422 4858 Loc.
440 4803 489 4858 cit.
506 4821 535 4878 p.
555 4816 734 4876 275-302.

284 4905 349 4962 XV.
375 4906 658 4981 Kulturgeschichte
680 4909 709 4962 in
728 4907 781 4964 der
802 4909 867 4965 Zeit
887 4909 1026 4985 Leopold

197 5008 251 5064 des
267 5008 416 5083 Heiligen.
434 5007 463 5088 (i.
477 5028 502 5066 e.
517 5011 651 5067 Historia
667 5011 785 5068 humani
801 5013 898 5069 cultus
915 5014 1026 5072 civilis·

198 5131 258 5188 que
275 5111 381 5169 diebus
397 5114 546 5190 Leopoldi
563 5112 680 5193 sancti.)
705 5116 781 5173 Loc.
799 5119 849 5174 cit.
872 5117 1026 5196 Jahrgang

202 5216 292 5291 1875.
310 5236 339 5293 p.
359 5232 495 5291 23—32‚
517 5233 692 5293 114-125.

285 5321 365 5378 XVI.
384 5322 440 5378 Die
453 5322 598 5379 Ostmark
613 5337 700 5381 unter
710 5325 850 5402 Leopold
863 5326 929 5384 dem
942 5328 1026 5385 Frei-

198 5423 339 5500 gebigen.
364 5423 393 5501 (i.
411 5446 437 5483 e.
460 5427 684 5486 Marchionatus
704 5429 741 5486 ad
758 5434 903 5489 orientem
920 5431 1026 5489 diebus

1102 675 1251 751 Leopoldi
1269 674 1421 753 munifici.)
1445 678 1519 733 Loc.
1543 680 1592 734 cit.
1614 675 1842 753 p.161-165‚
1866 693 1925 751 245

1101 794 1217 852 —251.

1187 885 1281 941 XVII.
1293 883 1392 942 Ueber
1401 885 1448 941 die
1457 886 1608 943 Herkunlt
1619 887 1673 943 der
1682 889 1928 945 (10101101οὴ1001-

1101 985 1383 1064 babenbergischen
1410 991 1548 1047 Ffirsten.
1576 988 1606 1069 (i.
1632 1010 1658 1048 0.
1688 992 1734 1048 De
1761 993 1927 1068 principum

1101 1091 1581 1168 austriaco·babenbergensium
1609 1093 1747 1173 origine.)
1774 1096 1849 1153 Loc.
1878 1099 1927 1152 cit.

1099 1194 1203 1272 Jahrg.
1224 1195 1314 1271 1876.
1332 1217 1361 1274 p.
1384 1213 1516 1272 19-25.

1188 1319 1234 1374 De
1254 1337 1292 1375 eo
1313 1318 1430 1376 confer:
1452 1321 1555 1377 Heller
1571 1319 1701 1378 Ambros
1717 1321 1787 1379 Ant.
1812 1322 1928 1379 Nekro-

1102 1422 1153 1496 log
1176 1439 1237 1479 von
1262 1423 1362 1480 Anton
1386 1425 1499 1500 Mayer.
1528 1425 1603 1482 Loc.
1629 1427 1678 1482 cit.
1705 1426 1808 1501 Jahrg.
1837 1401 1927 1500 1876.

1101 1546 1131 1601 1)·
1148 1527 1330 1601 aas—358·

1186 1675 1329 1748 Helles
1352 1687 1510 1750 Vitalis
1535 1688 1787 1773 (Scotensis),
1816 1691 1851 1754 in
1877 1693 1928 1755 vi-

1103 1811 1175 1865 tarn
1192 1803 1372 1887 ingressus
1389 1816 1444 1869 est
1459 1807 1621 1871 Viennae
1645 1809 1680 1871 in
1701 1809 1848 1873 Austria
1871 1810 1928 1875 die

1106 1930 1153 1988 16.
1167 1928 1260 2010 Aug.
1280 1932 1370 2008 1778.
1387 1929 1456 2010 Qui
1469 1950 1547 1993 cum
1560 1950 1625 2012 per
1636 1931 1772 2013 aliquot
1787 1943 1928 2016 tempus

1103 2050 1253 2133 collegio
1270 2060 1410 2132 patrum
1422 2052 1559 2135 piarum
1572 2056 1770 2117 scholarum
1782 2053 1928 2137 Cremsii

1102 2169 1229 2234 fuisset
1242 2172 1453 2255 adscriptus,
1470 2194 1497 2237 s,
1510 2174 1550 2237 P.
1563 2196 1596 2239 n.
1610 2174 1796 2238 Benedicti
1812 2186 1930 2241 eastra

1102 2302 1246 2355 secutus
1262 2314 1289 2357 a.
1301 2294 1425 2358 habitu
1441 2296 1585 2360 Indutus
1602 2308 1656 2361 est
1669 2299 1704 2361 in
1716 2301 1929 2364 monasterio

1103 2414 1143 2476 B.
1160 2415 1208 2478 M.
1225 2415 1269 2479 V.
1286 2416 1332 2478 ad
1348 2414 1477 2481 Scotos
1494 2419 1656 2482 Viennae
1677 2441 1724 2501 17.
1742 2421 1821 2486 001.
1839 2427 1928 2504 1801,

1103 2537 1162 2600 ubi
1195 2543 1245 2602 28.
1277 2536 1356 2602 Oct.
1392 2544 1470 2603 1802
1504 2543 1716 2605 sacramenti
1751 2544 1929 2607 sollemnis

1103 2659 1293 2741 sponsione
1325 2680 1448 2726 sacrae
1479 2683 1518 2726 se
1549 2663 1702 2728 familiae
1729 2665 1928 2729 adstrinxit.

1103 2781 1272 2845 Primitiis
1296 2802 1381 2845 vero
1406 2788 1434 2848 8.
1456 2783 1560 2867 April
1590 2790 1669 2864 1804
1692 2786 1772 2849 Deo
1796 2787 1929 2868 optimo

1103 2902 1242 2983 oblatis,
1266 2904 1524 2968 concionatoris
1541 2906 1703 2970 matutini
1720 2908 1802 2971 dein
1818 2909 1930 2972 curati

1103 3032 1139 3087 et
1159 3025 1417 3090 concionatoris
1437 3029 1604 3092 ordinarii
1624 3050 1767 3093 munere
1787 3029 1930 3094 functus

1104 3155 1159 3210 est
1176 3146 1210 3208 in
1227 3149 1440 3212 monasterio
1461 3141 1638 3214 1806-12‘.
1662 3150 1766 3214 Unde
1790 3150 1824 3213 in
1848 3152 1929 3221 sub·

1104 3269 1240 3331 urbium
1257 3271 1302 3332 ad
1318 3292 1345 3333 s.
1359 3270 1564 3335 Udalricum
1575 3272 1703 3336 missus
1720 3280 1930 3353 cooperator

1103 3390 1184 3472 fuit,
1207 3412 1372 3475 magnam
1396 3393 1587 3475 praecipue
1613 3393 1649 3456 in
1675 3395 1786 3456 verbo
1812 3393 1932 3456 divino

1104 3514 1345 3594 praedicando
1371 3515 1538 3579 virtutem
1566 3525 1763 3603 praestans.
1794 3516 1931 3579 Ibidem

1104 3655 1197 3698 mors
1214 3655 1294 3698 eurn
1310 3636 1465 3718 abstulit,
1487 3643 1533 3701 13.
1550 3637 1623 3701 Ian.
1645 3643 1723 3700 1822
1742 3657 1853 3700 annos
1870 3659 1930 3700 na·

1105 3767 1178 3820 tum
1194 3764 1246 3836 43.

1190 3899 1303 3982 Typis
1320 3898 1445 3961 edidit:

1190 4043 1212 4098 I.
1237 4040 1378 4117 Syllabus
1401 4042 1634 4117 chronologicus
1656 4062 1702 4099 aa.
1725 4063 1764 4100 rr.
1786 4062 1836 4119 pp.
1859 4062 1931 4100 con·

1103 4149 1301 4214 donatorum,
1315 4148 1365 4221 qui
1379 4160 1450 4222 post
1462 4145 1618 4203 decessum
1635 4165 1676 4203 rr.
1693 4166 1744 4223 pp.
1761 4146 1930 4224 Capucino·

1103 4269 1167 4307 rum
1184 4264 1272 4306 antea
1288 4269 1411 4308 munere
1427 4251 1485 4308 hoc
1501 4253 1625 4326 egregie
1641 4250 1809 4308 iunctorum
1831 4253 1859 4307 In
1881 4269 1930 4307 ec·

1104 4354 1197 4412 clesia
1216 4355 1317 4411 huiate
1332 4354 1466 4412 VIennae
1482 4357 1515 4412 B.
1532 4356 1571 4412 M.
1588 4355 1624 4412 V.
1645 4355 1683 4412 ad
1699 4354 1812 4413 Scotos
1828 4374 1865 4412 ex
1881 4373 1931 4411 or·

1104 4460 1172 4516 dine
1189 4472 1294 4516 nostro
1310 4479 1334 4516 s.
1347 4459 1380 4515 Ρ.
1394 4459 1546 4517 Benedicti
1559 4457 1644 4516 verbi
1660 4459 1750 4516 (1111111
1762 4478 1931 4536 praecones

1105 4566 1285 4621 exstiterunt
1305 4562 1396 4620 1811.
1409 4548 1412 4553 ⁴

1191 4687 1230 4742 ll.
1248 4687 1419 4744 Conciones
1434 4688 1549 4742 varias:
1567 4683 1710 4742 Lobrede
1729 4684 1782 4741 aul
1794 4685 1852 4742 den
1868 4686 1931 4742 hei-

1106 4791 1185 4866 ligen
1201 4789 1372 4865 Gregorius
1393 4791 1422 4845 in
1439 4788 1656 4846 Gaunersdorl.
1676 4790 1819 4856 Viennae,
1841 4786 1930 4845 1806.

1106 4894 1205 4970 Typis
1225 4894 1307 4950 loan.
1324 4893 1384 4950 Th.
1401 4891 1472 4951 nob.
1489 4893 1526 4949 de
1543 4892 1697 4949 Trattner.
1724 4925 1767 4934 —
1790 4891 1931 4949 Lobrede

1105 4997 1159 5055 aul
1171 4997 1229 5054 den
1245 4997 1375 5071 heiligen
1391 4998 1550 5053 Florianus
1572 4993 1668 5074 (conc.
1685 4993 1816 5074 primit.)
1841 4996 1867 5052 V
1870 4997 1931 5051 ien-

1105 5120 1171 5169 nae,
1192 5100 1283 5158 1810.
1300 5101 1397 5177 Typis
1413 5100 1513 5185 hered.
1531 5098 1601 5157 nob.
1618 5099 1655 5156 de
1671 5098 1797 5156 Ghelen.

1192 5223 1244 5279 Ill.
1265 5221 1391 5296 Gesang
1410 5220 1463 5278 aul
1479 5223 1547 5278 eine
1563 5220 1932 5297 Firmungsleierlichkeit.

1106 5324 1135 5405 (i.
1152 5346 1179 5385 e.
1196 5327 1324 5384 Carmen
1341 5328 1370 5382 in
1385 5325 1584 5383 sollemnitate
1603 5323 1859 5406 confirmationis.)
1874 5326 1933 5384 Am

1107 5445 1157 5506 27.
1174 5432 1256 5488 Mara
1277 5429 1367 5488 1812.
