4222 6106
989 462 1245 526 -LIV-

249 712 276 753 s.
300 691 411 753 Blasii
436 700 472 753 et
494 689 762 771 Hirsaugiensis
785 709 950 772 magnam
978 690 1206 753 obtinuerant
1237 690 1389 772 gratiam
1417 698 1454 751 et
1483 687 1732 751 auctoritatem
1763 687 1859 768 apud
1892 685 1987 766 prin·

250 829 348 910 cipes
365 828 586 891 Austriacos.
618 827 790 892 Omnibus
807 827 900 890 enim
922 828 1147 891 monasteriis
1171 847 1214 890 eo
1237 838 1399 909 tempore
1416 826 1569 890 conditis
1588 827 1814 889 addebantur
1830 825 1985 904 scholae,

250 986 398 1047 quarum
422 966 674 1029 celeberrimae
698 976 799 1029 erant
822 966 965 1028 saeculo
989 965 1200 1028 duodecimo
1217 964 1461 1030 Gottvicensis
1478 975 1513 1028 et
1531 964 1799 1029 Admontensis.
1824 964 1988 1045 Utraque

250 1105 285 1167 in
308 1104 510 1168 interiorem
535 1113 571 1166 et
593 1104 806 1168 exteriorem
822 1105 843 1183 ¹)
868 1104 983 1167 divisa
1006 1125 1137 1188 magno
1161 1096 1414 1186 discipulorum
1433 1123 1579 1167 numero
1594 1104 1903 1187 frequentabatur,
1927 1104 1988 1167 illa

250 1245 320 1306 iam
343 1244 565 1307 Hartmanno
588 1245 721 1307 abbate
747 1246 985 1324 (roos—1114)
1009 1255 1066 1307 sat
1088 1264 1220 1325 magna
1242 1244 1427 1307 fruebatur
1450 1243 1565 1327 gloria
1580 1243 1615 1323 ²).
1660 1243 1777 1306 Etiam
1806 1242 1842 1305 in
1865 1262 1988 1305 mona-

250 1381 360 1445 sterio
402 1381 601 1444 Mellicensi
615 1382 657 1462 ³),
705 1380 1002 1446 Seitenstadiensi
1017 1384 1059 1462 ⁴),
1106 1380 1350 1463 Garstensis),
1398 1381 1636 1464 Sanpaulensi
1650 1380 1693 1462 ⁶),
1737 1402 1765 1445 s.
1804 1380 1988 1444 Lamberti

251 1523 411 1583 celebres
435 1530 536 1583 erant
560 1522 714 1583 scholae.

379 1659 454 1722 Nec
482 1659 616 1722 minore
645 1659 818 1722 industria
841 1668 965 1721 vetera
992 1659 1208 1723 monasteria
1239 1659 1359 1741 pueris
1390 1657 1596 1721 erudiendis
1628 1676 1748 1720 curam
1778 1656 1989 1738 impendere

250 1799 366 1860 denuo
390 1806 594 1878 coeperunt.
613 1774 806 1879 'Imprimis
829 1799 951 1860 schola
974 1817 1001 1860 s.
1026 1798 1123 1860 Petri
1147 1796 1348 1880 Salisburgi
1371 1817 1538 1879 magnam
1562 1804 1729 1858 assecuta
1752 1806 1808 1859 est
1830 1797 1987 1876 laudem,

250 1938 344 2018 quod
368 1956 477 2018 opera
501 1946 537 1999 et
560 1936 679 1999 studio
702 1936 839 1999 Titonis
863 1937 1005 1998 abbatis
1029 1945 1065 1999 et
1089 1935 1271 1999 Gebhardi
1295 1935 1555 2017 archiepiscopi
1579 1936 1817 2017 (1060-1088)
1842 1933 1986 1996 Aristo·

250 2074 330 2137 telis
354 2076 488 2156 scripta
510 2075 732 2157 legebantur,
758 2077 886 2157 quibus
903 2073 1115 2138 Gebhardus
1139 2075 1398 2137 eruditissimus
1415 2073 1561 2137 Parisiis
1577 2073 1787 2135 habebatur.
1820 2069 1992 2136 Scholam

250 2212 461 2275 exteriorem
485 2211 596 2274 fuisse
620 2222 656 2274 et
679 2212 881 2275 interiorem
905 2222 1067 2293 apparet,
1091 2232 1171 2274 cum
1187 2212 1223 2275 in
1239 2211 1452 2294 necrologiis
1467 2211 1678 2291 saepissime
1696 2212 1865 2293 legantur
1880 2229 1989 2272 voca-

250 2352 333 2413 bula
356 2351 537 2413 scholares
561 2358 598 2412 et
619 2350 694 2412 ludi
716 2360 888 2431 rectoreS,
913 2349 933 2413 i.
958 2369 987 2412 e.
1012 2351 1154 2414 scholae
1176 2349 1289 2412 laicae
1312 2349 1475 2432 magistri
1491 2350 1525 2430 ⁷).
1573 2347 1779 2430 Cremifani,
1811 2348 1873 2411 ubi
1901 2348 1989 2412 item

250 2490 384 2570 duplex
407 2498 485 2551 erat
508 2489 640 2569 schola,
665 2488 832 2550 Alramus
855 2488 881 2552 Ι.
905 2489 1018 2550 abbas
1043 2489 1294 2570 (1093—1120),
1326 2488 1458 2568 optime
1493 2488 1537 2549 de
1568 2486 1698 2549 scholis
1728 2487 1875 2550 meritus
1899 2497 1988 2569 erat,

250 2639 289 2690 ut
311 2627 438 2690 merito
461 2646 482 2687 a
505 2626 667 2688 Mariano
691 2626 905 2708 Pachmayr,
938 2625 1225 2708 historiographo
1254 2626 1348 2689 illius
1371 2625 1597 2706 monasterii,
1630 2636 1775 2708 „auctor
1797 2644 1862 2687 seu
1884 2626 1989 2689 resti-

249 2776 347 2828 tutor
368 2764 515 2827 literarii
538 2765 613 2826 ludi
637 2764 836 2828 nominetur
850 2764 885 2845 ⁸).
924 2764 1040 2826 Etiam
1056 2765 1236 2846 Lambaci,
1253 2764 1455 2844 Lunaelaci,
1474 2763 1756 2826 Michaelburani
1770 2764 1805 2845 9),
1830 2763 1988 2846 Augiae,

250 2904 368 2966 clarae
403 2912 504 2965 erant
535 2902 696 2981 scholae,
732 2921 879 2982 quarum
909 2902 1033 2966 ultima
1063 2903 1234 2984 imprimis
1265 2904 1410 2986 regibus
1444 2904 1640 2984 Rudolpho
1671 2902 1698 2966 Ι.
1734 2902 1882 2983 eiusque
1913 2901 1988 2965 filio

252 3043 402 3104 Alberto
425 3041 450 3103 Ι.
476 3043 715 3123 (1273-1308)
745 3060 875 3123 magna
904 3039 1088 3104 fruebatur
1114 3041 1273 3123 fama¹⁰),
1306 3062 1371 3104 nec
1402 3061 1472 3104 non
1503 3060 1530 3103 s,
1555 3041 1751 3122 Lamberti,
1782 3040 1988 3121 Millstattii,

250 3203 276 3245 s.
300 3180 461 3261 Arnoldi,
487 3178 637 3243 Ossiaci.
683 3181 724 3241 In
747 3182 828 3262 hoc,
853 3182 948 3261 quod
971 3181 1094 3243 ultimo
1118 3182 1197 3243 loco
1221 3180 1375 3243 diximus
1383 3230 1392 3262 ,
1423 3180 1642 3243 monasterio
1672 3179 1826 3242 maxime
1851 3178 1988 3243 Slarici

249 3319 453 3402 presbyteri
469 3319 756 3400 instituebantur,
781 3331 820 3382 ut
836 3318 1011 3383 Slovenos
1027 3320 1230 3401 praeceptis
1246 3318 1329 3382 fidei
1346 3319 1570 3382 Christianae
1586 3319 1786 3381 imbuerent
1796 3317 1843 3397 ¹¹).
1869 3318 1989 3381 Etiam

380 3693 400 3774 ¹)
425 3693 537 3751 Schola
560 3693 774 3751 Admontensis
798 3698 930 3752 exterior
954 3708 1039 3751 extra
1068 3697 1240 3751 monasterii
1269 3713 1371 3751 muros
1400 3706 1465 3750 erat
1494 3696 1523 3749 in
1552 3693 1690 3749 aedificio
1719 3677 1866 3751 altissimo
1895 3697 1990 3751 turris

250 3808 343 3861 instar
367 3819 532 3872 exstructo,
557 3806 595 3862 cf.
621 3807 796 3881 Wegmayr,
821 3808 1041 3883 ‘fopographie
1066 3807 1119 3862 des
1144 3806 1381 3863 Admontthales.

380 3916 402 3995 2)
426 3917 520 3973 Liber
543 3918 655 3975 traditt.
681 3919 889 3975 Gottvicensis
913 3921 941 3975 in
965 3921 1079 3975 Fontes
1104 3938 1163 3974 rer.
1189 3919 1289 3975 Austr.
1315 3919 1395 3975 VIIl.

378 4026 401 4107 ³)
427 4031 459 4084 ln
483 4029 667 4103 Necrologio
691 4031 855 4087 Mellicensi
880 4028 970 4108 (apud
995 4032 1062 4098 Pez‚
1087 4029 1198 4106 Script.
1223 4048 1282 4087 rer.
1303 4030 1405 4086 Austr.
1432 4025 1482 4106 ΙΙ.)
1511 4030 1680 4105 complures
1704 4031 1840 4087 scolares
1864 4045 1895 4087 et
1918 4051 1991 4089 sco·

249 4143 345 4197 lastici
376 4143 574 4197 nominantur.
622 4141 668 4197 Ad
702 4160 751 4198 res
781 4142 979 4199 scholasticas
1013 4142 1219 4199 reformandas
1250 4145 1364 4198 accitus
1395 4156 1441 4197 est
1479 4157 1557 4215 1199
1590 4143 1790 4199 scholasticus
1818 4143 1989 4201 Adeloldus

250 4252 493 4326 Bambergensis,
518 4255 567 4327 qui
592 4267 664 4309 rota
687 4254 842 4310 sollemnia
866 4257 973 4310 emisit.
1006 4254 1183 4329 Keiblinger
1206 4255 1225 4311 l.
1251 4275 1276 4311 c.

378 4365 400 4445 ⁴)
425 4366 547 4440 Hdnigl
572 4366 755 4422 Geschichte
780 4367 832 4422 des
857 4366 1068 4441 Gymnasiums
1092 4388 1126 4424 zu
1151 4367 1377 4424 Seitenstetten.

378 4478 401 4556 ⁵)
425 4480 537 4544 FriesS‚
556 4478 739 4534 Geschichte
755 4498 815 4535 von
832 4479 973 4536 Garsten.
1002 4480 1048 4535 Ex
1065 4482 1126 4536 vita
1142 4480 1171 4536 b.
1190 4480 1341 4536 Bertholdi
1359 4480 1516 4554 complura
1532 4479 1631 4535 afferri
1649 4493 1778 4554 possunt
1794 4495 1987 4555 argumenta.

379 4586 401 4670 ⁶)
426 4589 546 4647 Abbate
569 4590 711 4646 Conrado
736 4592 758 4647 I.
783 4588 1019 4671 (1222—1237)
1044 4594 1169 4667 primum
1194 4594 1343 4648 invenitur
1366 4594 1452 4648 huius
1476 4592 1600 4647 scholae
1622 4594 1792 4666 vestigium.
1831 4593 1895 4649 Nec
1924 4614 1990 4652 non

250 4704 391 4762 eSifridi
416 4704 454 4759 ‹le
477 4701 605 4778 Alpibus
629 4703 791 4760 donatione
815 4707 988 4760 monasterii
1012 4725 1036 4761 s,
1061 4705 1154 4770 Pauli,
1184 4706 1230 4760 cui
1255 4705 1377 4761 fratrem
1410 4705 1464 4774 ,ad
1495 4705 1609 4760 litteras
1638 4704 1816 4761 discendas“
1851 4706 1988 4774 tradidit,

249 4818 383 4874 scholam
408 4817 448 4873 ibi
473 4818 625 4873 exstitisse
650 4816 833 4890 intelligitur.
866 4816 1079 4872 Ankershosen
1103 4817 1139 4873 11.

379 4928 400 5006 ⁷)
424 4929 646 4993 Prennsteiner,
671 4927 856 4984 Geschichte
879 4927 933 4984 des
956 4928 1169 5002 Gymnasiums
1193 4948 1228 4983 zu
1252 4926 1410 5002 Salzburg.

379 5036 400 5116 8)
425 5042 601 5115 Pachmayr‚
626 5039 729 5096 Series
752 5039 895 5096 abbatum
920 5054 950 5095 et
973 5040 1184 5114 religiosorum
1208 5041 1307 5096 Crem.

378 5151 401 5229 ⁹)
425 5153 458 5207 In
482 5154 527 5209 his
551 5155 741 5209 monasteriis
765 5153 885 5209 scholas
909 5152 1001 5209 fuisse
1025 5167 1108 5228 patet
1131 5171 1167 5208 ex
1192 5151 1275 5209 libris
1298 5153 1490 5208 traditionum
1515 5154 1621 5209 horum
1645 5155 1908 5210 monasteriorum.

367 5261 401 5341 ¹⁰)
425 5265 595 5338 Bergmann
619 5265 637 5320 l.
663 5285 689 5321 c.

367 5371 401 5452 Π)
425 5376 618 5445 Hohenauer,
643 5378 954 5452 Kirchengeschichte
977 5396 1037 5434 von
1061 5379 1207 5433 Karnten.
