1217 2000
533 359 674 377 „235-

166 405 238 422 insolita
244 405 350 426 exceptione
356 405 439 426 admissa,
445 406 582 426 sumptibusque

166 436 190 452 ad
203 441 243 452 earn
256 441 294 452 rem
305 436 433 456 perficiendam
444 436 581 457 generosissime

166 467 261 488 concessis,
269 471 331 483 mense
336 467 381 482 Iulio
390 468 430 482 1860
438 467 496 483 adhuc
504 466 581 482 novitius

166 503 202 514 una
210 502 249 513 cum
257 497 331 518 collegis
342 497 378 513 suis
389 502 464 513 examen
475 497 581 513 maturitatis

166 528 252 549 scriptum
262 528 321 548 subiit,
331 527 381 544 finito
391 533 434 544 vero
444 527 532 544 novitiatu
539 528 582 544 viva

165 563 211 574 voce
221 563 278 579 aeque
287 558 375 574 eminente
383 563 423 574 cum
431 563 516 574 successu
523 558 582 574 abso]-

166 588 197 605 vit.
202 589 232 604 Ab
236 593 282 604 auno
287 594 293 604 ι
297 590 317 604 Βό
321 594 326 604 1
332 589 356 604 ad
361 594 366 604 ι
370 590 400 604 863
404 589 475 604 Brunae
479 588 581 609 theologiae

166 619 230 635 studiis
238 619 309 639 publice
317 624 390 640 operam
396 619 446 635 dedit
453 622 472 635 et
480 620 520 638 1864
529 624 581 639 quar-

165 652 204 665 tum
208 649 262 665 studii
268 649 364 670 theologici
369 654 439 665 cursum
443 649 545 670 theologiae
550 654 582 670 pa-

166 680 237 696 storalis
244 680 315 700 privato
322 680 381 696 studio
387 680 469 696 absolvit⁴
477 680 511 695 Die
518 681 532 695 5.
538 680 581 700 Apr.

168 711 208 730 1864
221 710 238 726 in
250 715 303 731 quem
317 709 363 726 diem
376 711 438 726 eodeni
450 715 496 726 anno
508 712 582 731 propter

166 741 205 757 dies
211 740 267 756 festos
273 741 365 761 paschatis
371 741 436 756 festum
443 740 480 757 s.P.
488 740 581 756 Benedicti

166 772 272 787 translatum
288 774 333 792 erat,
349 774 391 787 vota
409 771 501 787 sollemnia
518 771 581 787 emisit.

166 802 237 822 Postea,
245 802 320 818 obtenta
327 805 401 822 propter
410 804 493 822 aetatem,
503 807 542 817 cum
551 801 582 817 vix

167 838 186 848 η
197 837 282 848 annorum
292 835 348 852 esset,
360 832 475 848 concessione
485 832 582 853 pontificali

166 863 230 882 Roma,
242 862 270 878 die
282 868 296 882 4.
304 862 342 878 Iun.
351 863 422 878 Brunae
430 863 447 878 in
456 863 501 878 aede
509 867 560 878 sacra
568 867 581 878 s.

166 893 259 909 Michaelis
270 893 292 909 ab
303 893 388 914 episeopo
399 893 463 909 comite
475 893 498 909 de
508 893 582 909 Schaaf-

165 924 240 944 gotsche
252 924 336 939 sacerdos
346 926 461 939 consecratus
472 926 504 943 est,
517 926 535 939 et
547 923 582 944 pri-

166 954 220 970 mitiis
230 954 277 970 festo
287 959 310 970 ssi
319 954 440 974 apostolorum
448 954 497 970 Petri
505 957 523 969 et
530 954 582 969 Pauli

166 990 191 1005 ²9-
199 985 237 1001 Iun.
249 984 266 1000 in
276 985 321 1000 aede
331 990 345 1000 s.
353 985 455 1000 monasterii
463 984 582 1005 Reigradien-

165 1015 190 1031 sis
199 1020 265 1036 magno
275 1015 337 1036 populi
350 1018 440 1031 conventu
450 1015 582 1036 praesentibus-

166 1050 200 1066 que
214 1045 319 1066 parentibus
332 1046 470 1067 consanguineis
486 1046 581 1066 multisque

165 1076 246 1097 cognatis
260 1076 362 1092 celebravit.
377 1076 455 1096 Tempus
470 1076 511 1092 inde
524 1081 581 1096 usque

165 1106 188 1122 ad
196 1107 274 1122 delatum
280 1111 341 1122 mense
348 1106 397 1127 Sept.
407 1107 446 1126 1804
455 1106 580 1122 iurisdictionis

165 1137 256 1153 decretum
274 1137 351 1153 maxime
366 1137 384 1152 iu
400 1137 485 1153 comitatu
501 1137 580 1157 episcopi

165 1167 272 1188 Brunensis,
288 1167 391 1183 dioeceseos
407 1170 476 1188 partem
491 1167 580 1183 visitantis

165 1198 258 1219 transegit,
268 1201 343 1218 accepto
354 1198 406 1213 simul
415 1198 504 1218 mandato,
517 1200 536 1214 ut
548 1203 580 1219 pro

165 1228 279 1244 concionibus
290 1228 370 1244 dicendis
381 1228 434 1244 etiarn
445 1228 462 1244 in
473 1229 539 1244 slavica
549 1229 580 1244 lin-

164 1263 200 1279 gua
208 1261 326 1279 exerceretur,
338 1259 392 1279 cuius,
404 1264 439 1279 qua.
447 1262 499 1275 natus
507 1258 581 1275 Germa-

165 1294 203 1310 nus,
213 1289 298 1305 minorem
309 1289 371 1305 habuit
382 1289 506 1310 cognitionem.
518 1290 580 1305 Mense

166 1320 240 1336 Octobri
249 1321 288 1340 1864
295 1320 444 1341 bibliothecarius,
453 1320 522 1336 duobus
530 1321 581 1336 annis

165 1353 208 1371 post
215 1350 268 1366 etiam
277 1350 386 1366 archivarius
394 1353 412 1366 et
423 1352 463 1370 1870
471 1351 544 1371 insuper
552 1356 581 1366 cu-

165 1383 203 1396 stos
209 1381 265 1396 musei
272 1381 390 1402 physiologici
396 1381 501 1402 designatus
505 1384 538 1397 est.
543 1381 581 1397 Mu—

165 1416 208 1427 nere
217 1411 347 1427 bibliothecarii
359 1411 393 1427 ism
406 1412 423 1427 ιδ
433 1416 489 1427 annos
499 1411 581 1432 fungens,

166 1447 272 1462 quamquam
283 1446 316 1462 per
323 1447 383 1457 eorum
392 1442 491 1462 decursum,
501 1447 581 1463 praeser-

165 1472 197 1488 tim
207 1477 240 1493 per
250 1472 318 1492 priores
329 1474 346 1488 ¹3
356 1467 416 1493 annos,
429 1472 463 1488 huc
475 1475 529 1493 atque
541 1472 581 1488 illuc

166 1503 188 1518 ad
197 1503 285 1523 parochos
295 1502 313 1518 in
324 1502 380 1518 sacris
388 1502 451 1518 officiis
461 1503 581 1518 sublevandos

165 1536 202 1549 tun
209 1533 314 1554 frequenter
321 1533 429 1554 mittebatur,
439 1535 459 1549 ut
466 1533 484 1549 in
493 1534 581 1549 decanatu

165 1563 285 1580 Mondricensi
297 1566 315 1579 et
327 1563 448 1579 Seelovieensi
459 1568 487 1580 ex.
495 1569 521 1584 gr.
534 1564 581 1579 haud

165 1594 219 1610 ullam
227 1594 307 1610 invenias
315 1594 423 1615 parochiam,
434 1593 453 1610 in
462 1599 497 1614 qua
505 1599 539 1610 non
550 1594 581 1610 ali-

622 407 689 426 quanto
700 407 780 427 ternpore
788 405 888 422 subsidium
895 405 913 422 in
921 405 975 422 rebus
983 405 1038 421 sacris

621 436 729 457 peragendis
734 436 849 457 praestiterit,
853 436 936 452 tamenin
940 435 1037 452 domestico

621 471 694 482 munere
701 471 734 482 suo
739 466 782 482 nihil
788 466 887 487 neglegens
894 469 931 482 tam
937 468 1038 487 opportune

621 499 702 517 tempure
709 501 752 512 usus
760 499 792 518 est,
803 499 823 512 ut
831 501 866 512 non
874 497 931 512 solum
939 496 1038 512 diversissi-

621 532 659 543 mos
671 527 764 548 cata-logos
777 527 800 543 ad
812 529 894 548 optatum
906 527 960 543 finem
973 527 1037 548 perdu-

621 560 675 578 ceret,
684 558 715 573 sed
724 557 778 573 etiam
785 557 912 573 bibliothecam
924 562 945 573 en
957 559 1037 578 tempore

622 589 668 604 ultra
680 588 752 608 duplum
763 590 834 604 auctam
841 588 911 604 videret
921 593 978 609 usque
986 588 1037 608 adeo,

621 621 643 643 ut
649 619 700 635 initio
708 619 750 635 anni
757 619 798 639 1879
804 619 909 640 complexus
916 623 975 634 rerum
983 621 1037 639 atque

622 654 696 670 operum
704 650 727 665 ad
735 649 861 665 bibliothecam
869 649 996 670 pertinentium
1005 654 1037 665 nu-

621 685 688 696 merum
701 681 731 700 537
736 681 754 695 ιδ
766 680 864 695 exhiberet.
879 679 935 695 Porro
947 684 990 699 9⁰00
1001 684 1037 695 am-

621 710 668 731 plius
678 711 762 726 librorum
771 710 915 731 consignationes
925 710 1003 726 maxima
1013 715 1036 726 ex

622 743 673 762 parte
679 741 702 757 ab
709 746 731 757 eo
737 741 803 759 factae:
810 741 903 762 catalogus
909 741 1037 761 manuscripto-

621 777 664 792 rum,
673 771 760 787 exhibens
767 776 858 787 numerum
865 772 901 792 Szo,
910 772 1003 792 catalogus
1011 771 1037 787 in-

622 802 749 818 cunabulorum
761 807 802 818 cum
813 807 844 822 900
854 802 911 822 tomis,
924 802 947 817 ad
957 806 1036 818 noi-mam

622 832 728 853 optimorum
737 833 860 853 exemplorum
868 835 886 848 et
894 832 991 848 secundum
997 837 1037 848 sen-

622 863 696 879 teutiam
709 865 763 883 atque
775 862 862 883 peritiam,
877 867 900 878 ex
912 862 1036 878 observatione

621 893 769 909 bibliothecarum
777 893 889 914 Germaniae,
896 892 1036 914 Franeogauiae,

622 923 684 940 Italiae
693 926 746 944 atque
755 924 850 939 Helvetiae
855 924 977 940 recentissime
984 923 1036 940 itine-

621 954 671 970 ribus
681 954 793 975 adquisitam,
804 954 920 970 adumbratus
931 951 985 975 atque
996 959 1036 975 per-

621 985 679 1000 fectus
694 987 730 1003 est;
744 985 778 1000 huc
792 984 862 1000 accedit
875 984 929 1000 etiam
943 984 1036 1005 catalogus

622 1017 724 1031 cunctorum
735 1016 786 1034 ¹⁰890
793 1015 877 1031 librorum
884 1019 915 1030 seu
924 1019 997 1035 operum
1004 1014 1036 1030 rni—

622 1050 691 1066 norum,
707 1045 745 1061 sive
759 1046 807 1061 duris
821 1045 908 1066 operculis
922 1048 1036 1061 consutorum

622 1076 745 1096 (Broschiiren)
765 1076 808 1091 item
825 1076 918 1097 catalogus
935 1076 1036 1092 tabularum

621 1107 789 1128 geographicarum,
801 1111 892 1122 numerum
905 1107 936 1122 880
948 1106 1036 1126 complec-

621 1140 666 1153 tens.
678 1137 753 1153 Praeter
760 1137 805 1153 haec
813 1137 885 1158 negotia
893 1137 967 1152 Maurus
975 1136 1036 1152 etiam-

621 1170 658 1183 tum
666 1170 730 1183 nactus
741 1170 768 1183 est
779 1170 847 1183 tantum
855 1167 946 1188 temporis,
958 1169 978 1183 ut
989 1171 1036 1183 anno

623 1203 628 1213 1
632 1199 663 1218 874
668 1203 743 1214 examen
750 1198 853 1214 concursale
859 1203 891 1219 pro
895 1197 980 1219 parochia
984 1201 1035 1218 prae-

621 1228 706 1249 scriptum
716 1228 776 1244 subire
784 1231 802 1244 et
809 1228 900 1250 pergratis
907 1228 942 1244 sibi
950 1228 1035 1244 historiae

621 1261 639 1274 et
647 1259 755 1279 philologiae
763 1259 826 1275 studiis
834 1259 932 1280 indulgere,
942 1258 960 1274 in
970 1258 1036 1279 linguis

620 1289 713 1309 Romanis,
721 1289 756 1305 iam
765 1289 782 1305 in
790 1289 883 1310 gymnasio
892 1289 961 1305 addisci
967 1288 1035 1309 coeptis

621 1320 701 1335 exerceri
709 1323 771 1340 posset
779 1322 833 1340 atque
840 1319 887 1335 omni
894 1319 954 1335 debita
961 1319 1036 1340 diligen·

621 1350 646 1366 tia
654 1350 708 1366 etiam
715 1355 744 1366 res
752 1350 776 1365 ad
784 1350 875 1366 archivum
882 1352 986 1370 spectantes
996 1354 1036 1369 per-

621 1383 714 1401 tractaret,
730 1381 778 1401 quod
794 1380 822 1396 iile
836 1380 907 1401 penitus
920 1379 1036 1401 perlustravit

621 1411 694 1432 suisque
700 1411 790 1427 laboribus
795 1411 948 1427 adcommodatum
953 1410 1035 1426 reddidit⁴

621 1442 694 1458 Maurus
699 1442 765 1457 Kinter
771 1441 812 1457 inde
819 1442 841 1457 ab
848 1446 894 1457 anno
901 1442 940 1457 18⁶⁵
948 1444 976 1457 est
982 1441 1035 1456 etiam

621 1472 712 1488 societatis
719 1472 868 1493 stenographicae
873 1472 976 1495 Brunensis,
982 1476 1035 1492 poi-ro

621 1502 705 1518 sectionis
719 1502 918 1518 historico-statisticae
932 1501 1035 1523 Brunensis,

621 1533 712 1549 societatis
721 1533 860 1554 „Gfirresianae“
869 1533 892 1548 ad
900 1532 1035 1553 propagandam

621 1563 713 1579 scientiam
722 1563 827 1580 catholicam
838 1566 856 1579 et
865 1563 957 1579 societatis
964 1563 1035 1579 oenolo-

620 1594 673 1615 gicae
681 1597 698 1610 et
706 1594 830 1615 pomologicae
837 1595 940 1610 membrum.

906 1621 932 1636 ³0*
