4252 6112
190 653 376 735 pristinum
389 652 503 714 rediit.
534 657 700 731 1819-79
718 653 824 715 9119111
842 653 1020 716 convictui

190 774 346 859 praefuit
376 775 480 856 eique
508 775 682 837 industria
709 786 745 837 et
773 776 932 838 sollertia
956 797 1020 839 sua

191 917 357 979 magnum
375 896 630 958 incrementum
643 917 880 979 magnamque
897 899 1019 960 existi-

191 1019 380 1081 mationem
394 1019 624 1099 comparavit.
649 1019 726 1080 Hoc
743 1039 886 1081 munere
904 1039 942 1082 se
959 1022 1021 1082 ab·

190 1141 310 1202 dicare
327 1149 472 1202 coactus
485 1150 549 1219 est,
567 1160 646 1201 cum
664 1145 743 1219 1879
757 1142 971 1203 camerarius
985 1152 1021 1203 et

191 1261 381 1323 vestiarius
396 1260 514 1324 factus
531 1272 636 1323 esset.
662 1260 830 1342 Scripsit:

279 1389 301 1443 Ι.
324 1386 541 1462 Compendium
563 1387 616 1443 der
633 1387 815 1443 Geschichte
837 1387 891 1443 der
906 1388 1021 1443 11191119-

115 1551 116 1554 ,
191 1492 284 1549 matik
300 1492 348 1548 bei
366 1492 423 1547 den
440 1492 592 1547 Griechen
609 1493 668 1547 und
685 1491 826 1546 Rdmern.
844 1489 914 1569 (1.9.
932 1492 1021 1548 Com·

191 1597 330 1673 pendium
344 1597 488 1652 historiae
501 1597 728 1652 mathematicae
745 1595 822 1671 apud
837 1597 975 1652 Graecos
992 1610 1022 1652 et

190 1701 365 1778 Romanos)
379 1702 575 1775 Programma
586 1720 665 1756 caes.
676 1720 740 1774 reg.
754 1719 890 1775 gymnas
902 1699 1021 1757 Seiten·

192 1809 348 1863 stettensis
369 1805 458 1878 1873.

279 1911 315 1966 11.
334 1910 551 1985 Compendium
569 1909 623 1964 der
639 1909 823 1964 Geschichte
839 1908 894 1964 der
906 1910 1022 1965 Mathe·

191 2014 284 2071 matik
300 2016 338 2069 im
355 2013 528 2069 Mittelalter
549 2013 607 2067 und
631 2012 685 2067 der
700 2031 831 2069 1191191911
848 2014 921 2068 Zeit.
947 2011 975 2091 (i.
995 2032 1021 2068 e.

192 2118 409 2195 Compendium
431 2118 574 2173 historiae
591 2117 820 2172 mathematicae
836 2118 944 2173 aetatis
961 2135 1022 2172 me·

192 2219 614 2298 1119991199911119115.)111111.
637 2220 692 2294 187
698 2237 714 2293 5
734 2236 763 2277 et
784 2219 873 2294 1876.

281 2349 503 2424 Schlossar
534 2359 685 2422 Victor
722 2361 1022 2443 (Raigradien-

193 2479 277 2558 sis).
307 2477 413 2539 Anno
435 2482 513 2556 1798
533 2497 583 2540 20.
600 2477 673 2539 Ian.
692 2477 727 2539 in
745 2477 897 2540 ecclesia
918 2497 1022 2559 paro-

194 2599 299 2662 chiali
315 2597 575 2660 Drahotusensi
591 2597 627 2659 in
643 2598 804 2660 Moravia
826 2601 871 2660 ad
888 2618 915 2660 s.
932 2598 1023 2661 Lau·

128 2730 132 2739 ‘
192 2710 1023 2785 rentiumritusollemnimatrimoniuminierunt

193 2844 372 2907 Antonius
392 2843 485 2905 filius
507 2844 650 2905 Ioannis
672 2843 852 2926 agricolae
868 2843 1023 2905 Klocks-

194 2966 369 3028 dorfensis
398 2978 434 3027 et
462 2965 623 3028 Barbara
648 2963 722 3027 filia
749 2964 895 3026 Martini
922 2964 1023 3027 Caer-

193 3088 320 3169 nocky,
339 3107 409 3168 quo
426 3107 473 3148 911
488 3085 712 3149 matrimonio
729 3096 936 3168 procreatus
954 3086 1023 3166 pri-

193 3209 395 3290 mogenitus
408 3228 500 3270 anno
519 3213 609 3289 1793,
629 3213 677 3269 28.
693 3207 771 3270 091.
789 3227 917 3270 11919911
930 3208 1024 3269 Μ91-

192 3330 286 3392 tinus
303 3330 453 3411 accepit.
478 3328 547 3410 Qui
570 3350 659 3411 puer
679 3349 772 3391 anno
793 3334 873 3407 1804
894 3329 1024 3391 missus

192 3453 391 3533 Lipnicium
419 3452 570 3514 triennio
600 3453 733 3513 classes
757 3452 915 3513 triviales
940 3451 1024 3514 emi·

194 3575 292 3636 nenti
324 3595 402 3636 cum
433 3593 626 3656 progressu
655 3574 828 3655 percurrit
856 3585 892 3636 et
919 3574 1023 3654 omni,

193 3717 284 3778 quae
313 3716 460 3759 necesse
490 3707 543 3758 est
571 3697 844 3777 praeparatione
868 3695 1023 3758 imbutus

196 3824 273 3897 1807
293 3818 529 3880 Kremsirium
547 3818 644 3879 venit
666 3819 711 3879 ad
727 3817 1023 3899 frequentandum

192 3940 417 4023 gymnasium
443 3951 467 4003 t.
493 3949 516 4001 1.
543 3940 684 4002 celebre
709 3940 920 4002 docentibus
943 3960 1023 4021 pro-

192 4061 387 4123 fessoribus
409 4061 541 4124 ordinis
563 4063 761 4123 scholarum
783 4061 930 4142 piarum.
959 4059 1024 4124 Se-

193 4182 317 4263 quenti
328 4192 489 4262 tempore
502 4202 615 4264 usque
627 4185 672 4244 ad
687 4187 764 4244 1812
780 4183 927 4245 solerter
940 4202 1024 4264 ope-

196 4323 271 4365 ram
288 4304 434 4365 navavit
452 4303 626 4365 classibus
641 4304 969 4385 grammaticalibus
989 4313 1025 4365 et

192 4423 467 4505 humanioribus
486 4426 670 4486 absolutus
687 4445 708 4485 a
724 4443 841 4486 merce
854 4443 1024 4506 praecep·

193 4546 280 4608 toris
297 4548 342 4608 ad
359 4566 485 4628 preces
501 4545 622 4628 patris,
641 4547 701 4627 qui
718 4546 752 4608 in
766 4567 901 4608 summa
914 4565 1024 4628 penu·

192 4670 244 4731 ria
270 4670 485 4732 constitutus
511 4688 576 4730 sex
597 4667 689 4731 filios
714 4668 938 4731 sustentandi
962 4669 1023 4731 im·

192 4811 314 4873 parem
339 4813 377 4854 se
402 4792 608 4856 declaravit.
632 4792 811 4854 Absoluto
834 4792 1022 4874 gymnasio

193 4915 295 4976 annis
321 4919 488 4993 1813-14
510 4915 771 4997 philosophiam
795 4914 831 4976 in
855 4933 1022 4977 caesareo

195 5036 296 5118 regio
312 5037 414 5119 lyceo
431 5036 658 5101 Olomucensi
675 5036 799 5099 didicit
820 5045 855 5097 et
871 5046 954 5098 tunc
971 5035 1022 5096 vi-

191 5157 282 5239 ginti
299 5178 411 5220 annos
428 5170 532 5221 natus
556 5161 602 5220 ad
622 5170 780 5220 nostrum
804 5157 937 5238 suscipi
961 5177 1023 5238 pe·

192 5278 248 5341 tiit
271 5281 531 5343 monasterium.
566 5282 724 5345 Obtenta
748 5281 902 5360 desuper
925 5298 1022 5340 more

192 5398 296 5461 solito
317 5420 338 5460 a
360 5402 534 5482 gubernio
550 5401 734 5464 Moraviae
758 5401 901 5464 licentia
925 5401 1020 5462 ddt0.

1105 674 1152 716 11.
1169 653 1258 716 Nov.
1281 658 1359 731 1814
1378 675 1528 718 necnon
1550 656 1731 719 dimissus
1748 657 1899 720 litteris
1918 678 1969 719 ar·

1101 775 1321 856 chiepiscopi
1337 774 1584 840 Olomucensis
1608 798 1657 840 ex
1683 779 1869 842 dioecesi
1892 799 1971 862 pro-

1100 897 1187 977 pria,
1205 907 1342 960 vestem
1359 898 1563 980 religiosam
1579 919 1599 962 e
1616 901 1806 963 manibus
1822 901 1971 964 abbatis

1101 1019 1210 1080 nostri
1241 1019 1437 1111 Augustini
1468 1021 1608 1103 accepit
1643 1021 1843 1085 Calendis
1880 1023 1970 1086 Nor.

1105 1144 1185 1217 1814
1203 1152 1239 1203 et
1254 1140 1379 1203 Victor
1395 1151 1544 1234 vocatus
1561 1144 1652 1205 duce
1671 1143 1720 1207 P.
1737 1143 1896 1226 Cyrillo
1913 1165 1970 1207 no·

1100 1261 1246 1324 vitiatus
1267 1283 1396 1324 annum
1419 1264 1555 1325 cunctis
1576 1267 1902 1346 approbantibus
1922 1268 1970 1330 sic

1101 1383 1292 1466 transegit,
1317 1394 1356 1446 ut
1380 1385 1448 1447 iam
1473 1390 1523 1449 28.
1545 1385 1624 1449 091.
1651 1392 1744 1474 181ξ
1779 1387 1863 1452 fine
1889 1391 1970 1452 tiro·

1102 1504 1194 1568 911119
1224 1504 1390 1587 imposito
1420 1508 1614 1571 interiectis
1647 1511 1794 1591 paucis
1839 1513 1970 1575 diebus

1103 1624 1329 1709 Olomutium,
1342 1631 1507 1710 sequenti
1518 1651 1611 1693 anno
1621 1631 1815 1717 Brunam,
1832 1637 1884 1699 ad
1898 1648 1969 1698 stu-

1103 1747 1161 1809 dia
1173 1749 1378 1831 theologica
1391 1751 1599 1814 mitteretur.
1619 1753 1882 1818 Professores
1894 1759 1968 1820 eius

1103 1867 1362 1953 Sondermann,
1388 1873 1603 1954 Powandra,
1634 1873 1828 1961 Schiller,
1862 1878 1967 1961 Gold,

1102 1991 1269 2052 Wiesner
1296 2002 1362 2055 919.
1395 1994 1523 2057 11119115
1557 1996 1892 2064 testimonialibus
1924 2004 1967 2064 ab

1102 2132 1195 2174 anno
1217 2116 1383 2193 1816—19
1405 2116 1498 2178 datis
1520 2117 1744 2181 unanimiter
1762 2130 1964 2203 testantur,

1103 2234 1266 2297 clericum
1283 2235 1582 2319 Raigradiensem
1596 2239 1800 2305 Victorem
1818 2243 1965 2308 Schlos

1102 2376 1161 2418 sar
1189 2376 1325 2419 summo
1353 2359 1471 2421 studio
1497 2360 1698 2442 disciplinis
1733 2366 1964 2450 theologicis

1102 2477 1304 2539 incubuisse
1314 2489 1422 2560 atque
1433 2500 1498 2561 pro
1510 2481 1687 2563 dignitate
1699 2484 1870 2568 vixisse,
1881 2510 1964 2571 quo-

1103 2618 1178 2660 rum
1199 2600 1401 2662 testimonio
1425 2601 1536 2664 fretus
1559 2623 1700 2666 summo
1727 2611 1883 2689 gaudio
1905 2615 1963 2674 ab·

1102 2722 1168 2781 bas
1178 2720 1403 2802 Augustinus
1413 2722 1562 2785 affectus
1571 2723 1765 2790 Victorem
1777 2729 1863 2796 Cal,
1873 2733 1961 2796 Nor.

1108 2846 1186 2919 1817
1210 2843 1255 2903 911
1272 2861 1409 2904 59919111
1426 2843 1688 2924 professionem
1709 2851 1962 2917 emittendam

1104 2963 1263 3026 decrevit
1280 2984 1430 3046 eumque
1451 2986 1545 3027 anno
1565 2979 1648 3048 post
1670 2977 1839 3036 tonsura
1863 2978 1961 3040 cleri·

1104 3084 1171 3147 cali
1188 3094 1224 3146 et
1240 3095 1391 3166 quatuor
1412 3086 1595 3149 ordinibus
1616 3089 1832 3158 minoribus
1852 3097 1962 3181 insig-

1104 3206 1202 3268 nivit.
1227 3207 1364 3287 Quibus
1381 3209 1508 3271 studiis
1531 3212 1751 3293 theologicis
1774 3220 1962 3283 absolutis

1104 3348 1196 3390 anno
1217 3333 1296 3407 1819
1315 3334 1343 3391 5.
1362 3329 1461 3411 Sept.
1484 3334 1529 3393 ad
1551 3352 1577 3395 s.
1594 3336 1893 3418 presbyteratus
1910 3364 1961 3407 or·

1105 3450 1222 3511 dinem
1239 3450 1364 3513 Victor
1387 3463 1508 3515 noster
1529 3474 1594 3536 per
1617 3455 1848 3540 episcopum
1873 3466 1961 3528 Bru-

1105 3591 1249 3633 1191159111
1278 3573 1313 3634 111
1342 3574 1495 3636 99919519
1522 3595 1549 3637 5.
1578 3575 1775 3642 Michaelis
1810 3584 1962 3649 Brunae

1103 3692 1170 3754 rite
1187 3704 1242 3754 est
1259 3704 1441 3773 promotus
1455 3705 1490 3757 et
1503 3695 1537 3757 in
1551 3696 1669 3777 patria
1681 3717 1753 3762 sua
1767 3702 1962 3771 Drahotu·

1104 3814 1148 3876 sii
1170 3815 1344 3896 primitias
1369 3817 1574 3881 celebravit.
1606 3817 1776 3886 Obtento
1806 3829 1962 3894 decreto

1104 3936 1356 3999 iurisdictionis
1378 3959 1447 4019 qua
1468 3950 1680 4020 cooperator
1695 3961 1824 4022 penes
1845 3954 1963 4015 eccle·

1105 4059 1193 4120 siam
1217 4059 1422 4141 Raigradii,
1447 4081 1539 4123 anno
1568 4067 1648 4123 1820
1671 4066 1964 4138 administrator

1104 4181 1140 4241 in
1156 4180 1399 4260 spiritualibus
1417 4194 1452 4243 et
1469 4183 1731 4263 temporalibus
1750 4198 1962 4269 parochiae

1106 4286 1397 4384 Slappanicensis
1429 4305 1676 4368 denominatus
1705 4308 1844 4392 ibique
1877 4320 1961 4399 plus

1104 4443 1174 4485 uno
1191 4444 1311 4486 mense
1326 4437 1561 4488 commoratus
1575 4439 1639 4490 est.
1656 4429 1823 4497 Domum
1839 4443 1960 4502 redux

1106 4566 1134 4609 2.
1151 4546 1240 4607 Nor.
1258 4546 1428 4628 magister
1444 4548 1665 4630 novitiorum,
1688 4562 1725 4612 et
1749 4573 1855 4620 anno
1873 4573 1960 4641 post

1108 4687 1155 4727 11.
1173 4667 1262 4729 Nov.
1285 4674 1360 4730 1821
1383 4669 1593 4731 secretarius
1611 4672 1643 4734 d.
1661 4672 1814 4738 abbatis
1839 4691 1880 4743 et
1904 4703 1960 4744 ar·

1104 4789 1281 4852 chivarius
1293 4790 1477 4853 institutus
1488 4802 1552 4854 est.
1569 4792 1640 4854 Per
1655 4793 1822 4878 quinque
1838 4822 1959 4867 annos

1104 4932 1226 4975 omnes
1261 4912 1456 4975 officiorum
1490 4915 1613 4976 horum
1652 4925 1779 4995 partes
1801 4915 1956 4987 'sedulo

1103 5034 1327 5116 adimplevit,
1355 5055 1462 5115 quum
1491 5058 1520 5113 4.
1544 5036 1631 5100 Dec.
1663 5040 1745 5098 1828
1775 5043 1957 5109 absoluto

1103 5156 1142 5220 P.
1160 5155 1287 5218 Carolo
1309 5177 1330 5218 a
1352 5157 1577 5238 praefectura
1601 5158 1739 5221 culinae
1757 5161 1799 5227 P.
1820 5165 1956 5231 Victor

1102 5277 1137 5339 in
1162 5278 1238 5340 eius
1265 5279 1380 5340 locum
1404 5279 1574 5342 suffectus
1598 5279 1652 5342 sit.
1677 5279 1748 5342 Die
1775 5303 1830 5362 ²4·
1859 5286 1953 5351 Nov.

1108 5404 1183 5461 1831
1209 5400 1244 5462 in
1265 5401 1458 5463 residentia
1479 5392 1600 5464 nostra
1616 5400 1798 5466 Brunensi
1819 5425 1954 5491 supre-
