4222 6106
910 513 950 520 —
997 474 1100 537 XCII
1147 512 1186 520 -

185 702 399 764 Enzersdorf
419 713 455 764 et
469 703 621 764 Ioannes
638 701 757 765 Oeder
779 702 983 763 sacerdotes
999 704 1031 781 ¹).
1069 701 1196 763 Primis
1220 701 1353 764 saeculi
1370 701 1471 764 XVI.
1496 701 1676 764 decenniis
1693 701 1914 764 Benedictus

185 841 411 904 Chelidonius
442 841 568 903 Abbas
599 841 846 921 (1518-1521)
882 840 1050 912 doctrinis
1083 861 1162 903 cum
1193 841 1403 922 theologicis
1433 851 1506 903 tum
1539 841 1745 904 liberalibus
1780 841 1913 903 famam

185 980 344 1061 collegit,
376 980 567 1059 praecipue
599 977 880 1059 quaestionibus,
909 999 998 1060 quas
1021 987 1165 1041 auctore
1189 980 1250 1042 Dr.
1273 980 1406 1042 Ioanne
1430 981 1506 1042 Eck
1538 982 1581 1042 de
1612 981 1712 1043 libris
1746 990 1915 1061 quattuor

185 1119 438 1181 sententiarum
461 1118 739 1199 theologicarum
762 1117 924 1197 instituit,
950 1118 1008 1198 qui
1024 1119 1132 1180 Petro
1147 1118 1349 1180 Lombardo
1365 1118 1456 1181 false
1479 1119 1660 1201 adsignati
1683 1121 1728 1181 ad
1753 1119 1912 1182 studium

185 1258 386 1340 theologiae
410 1257 641 1319 scholasticae
665 1258 783 1338 magni
807 1267 888 1319 sunt
908 1257 1084 1320 momenti.
1125 1256 1277 1319 Eosdem
1302 1259 1509 1320 emendatos
1534 1258 1654 1320 edidit.
1691 1257 1778 1320 Cum
1804 1260 1914 1320 bona-

186 1416 260 1457 rum
293 1396 419 1458 artium
447 1395 667 1476 principibus
692 1407 730 1458 ut
752 1396 903 1458 Alberto
925 1396 1057 1477 Diirer,
1081 1395 1289 1458 Willibaldo
1313 1396 1550 1477 Pirkheimer,
1582 1396 1644 1459 Dr.
1668 1397 1802 1458 Ioanne
1828 1397 1914 1476 Eck,

186 1535 347 1598 Conrado
371 1534 499 1615 Celtes,
524 1534 601 1596 aliis
625 1547 703 1598 arta
726 1535 897 1597 societate
922 1547 997 1597 erat
1022 1535 1230 1597 coniunctus
1245 1540 1279 1615 ²).

314 1674 353 1734 In
370 1674 583 1735 monasterio
600 1672 854 1736 Cremifanensi
878 1674 1145 1737 dissertationes
1168 1675 1388 1757 theologicas
1404 1674 1605 1737 Fridericus
1621 1675 1915 1736 Kerschbaumer

186 1821 221 1874 et
244 1812 430 1873 Florianus
453 1812 689 1895 Mersinger3)
715 1811 952 1893 confecerunt,
981 1810 1211 1875 Seitenstadii
1235 1813 1386 1876 Ioannes
1409 1816 1601 1876 monachus
1634 1824 1845 1896 ,tractatum
1869 1815 1914 1876 de

184 1948 274 2011 fide“
284 1951 307 2029 4)
325 1950 483 2030 scripsit;
501 1951 583 2012 item
601 1951 636 2012 in
652 1952 873 2014 monasteriis
890 1950 1116 2015 Gluniacensi
1132 1964 1168 2015 et
1185 1952 1370 2017 Garstensi
1387 1975 1407 2016 a
1424 1955 1661 2036 compluribus
1678 1955 1915 2036 scriptoribus

186 2089 316 2170 ignotis
341 2089 608 2152 dissertationes
632 2091 666 2153 in
691 2092 870 2172 publicum
893 2092 1116 2172 prodierunt:
1151 2094 1215 2173 ,de
1243 2093 1494 2175 poenitentia‘,
1530 2095 1593 2175 „de
1625 2105 1763 2175 septem
1799 2113 1916 2155 sacra-

186 2228 345 2308 mentis‘·,
372 2229 569 2309 „expositio
592 2230 627 2291 in
651 2230 839 2311 psalmos“,
864 2232 933 2293 alia
948 2234 982 2312 5).

315 2367 471 2429 Maxime
487 2388 572 2429 vero
595 2368 687 2431 inter
709 2370 825 2431 omnia
841 2371 1010 2433 Austriae
1034 2372 1224 2453 superioris
1247 2372 1460 2433 monasteria
1476 2372 1564 2433 haec
1580 2371 1778 2433 litterarum
1795 2371 1914 2434 studia

188 2505 282 2566 culta
305 2515 386 2566 sunt
411 2506 618 2587 Lunaelaci,
650 2527 719 2588 quo
749 2509 785 2570 in
815 2510 1029 2572 monasterio
1060 2511 1213 2572 maxima
1241 2530 1319 2573 eum
1351 2511 1536 2593 diligentia
1560 2531 1628 2572 non
1653 2512 1767 2572 solum
1789 2510 1915 2572 biblio-

188 2645 291 2706 theca
315 2645 503 2726 descriptis
527 2647 695 2727 operibus
719 2649 890 2711 clarorum
914 2652 1156 2732 theologorum
1183 2671 1203 2713 a
1225 2651 1405 2713 monachis
1430 2661 1484 2712 est
1508 2661 1694 2729 exornata,
1719 2651 1783 2711 sed
1810 2648 1914 2711 etiam

189 2784 319 2846 multae
344 2783 611 2847 dissertationes
636 2796 709 2848 tum
726 2787 843 2849 editae
861 2799 951 2851 sunt.
983 2789 1023 2850 In
1039 2809 1169 2871 magno
1186 2789 1396 2869 scriptorum
1412 2789 1515 2851 huius
1531 2788 1737 2850 monasterii
1760 2806 1914 2866 numero,

191 2922 250 3003 qui
273 2943 294 2984 a
318 2923 434 2984 medio
452 2925 593 2986 saeculo
610 2925 693 2987 XV.
710 2946 822 3007 usque
839 2929 883 2989 ad
901 2929 1053 2990 medium
1071 2930 1249 2991 saeculum
1268 2929 1385 2991 XVII.
1409 2928 1561 3007 fuerunt,
1585 2926 1688 3007 primi
1712 2925 1914 2988 nominandi

190 3070 271 3121 sunt
301 3061 539 3142 Hieronymus
575 3064 619 3124 de
646 3063 822 3146 Werden,
857 3065 911 3128 vir
946 3087 1101 3129 summae
1139 3067 1361 3148 eruditioniS,
1400 3075 1435 3128 et
1465 3066 1671 3127 Leonardus
1703 3063 1878 3146 Schilling
1891 3061 1913 3144 ⁶)

189 3200 376 3261 multorum
408 3200 576 3262 librorum
604 3202 770 3284 scriptor;
799 3215 941 3284 praeter
969 3207 1034 3268 hos
1057 3208 1170 3268 abbas
1202 3205 1421 3285 monasterii,
1451 3203 1667 3266 Benedictus
1701 3204 1745 3264 de
1779 3203 1915 3284 Piburg

190 3340 439 3420 (mos—1499),
456 3339 607 3401 Ioannes
624 3341 774 3423 Hauser,
790 3343 967 3441 Henricus
984 3345 1193 3427 Amberger,
1211 3346 1395 3407 Florianus
1412 3342 1571 3424 Schiffer,
1590 3342 1807 3405 Benedictus
1823 3340 1915 3403 Lust-

317 3633 338 3714 l)
364 3634 485 3711 Scripta
509 3653 612 3692 eorum
636 3633 704 3689 vide
729 3631 829 3707 Kropf
850 3632 867 3688 l.
893 3650 918 3686 c.
944 3645 973 3686 et
997 3630 1153 3685 Hauswirt
1177 3629 1194 3685 l.
1220 3648 1245 3685 c.

318 3747 339 3826 2)
364 3750 517 3803 Hauswirt
548 3747 566 3802 l.
599 3766 623 3803 c.
659 3744 835 3802 Chelidonio
867 3742 977 3800 abbate
1009 3745 1093 3819 prior
1122 3744 1170 3798 Fr.
1196 3741 1333 3797 Andreas
1366 3739 1508 3813 „vigilias
1532 3751 1562 3793 ct
1586 3736 1685 3793 officia
1709 3736 1912 3792 mortuorum*

189 3864 312 3937 scripsit
336 3880 361 3916 c.
386 3880 411 3919 a.
442 3875 531 3932 1519.

316 3970 339 4049 3)
362 3971 534 4027 Fridericus
558 3970 633 4027 obiit
661 3985 749 4042 1452.
782 3970 851 4038 Quo
869 3984 1003 4045 tempore
1020 3967 1178 4024 Florianus
1195 3965 1313 4031 obierit,
1331 3984 1390 4021 non
1407 3977 1535 4020 constat.
1554 3963 1588 4020 V.
1606 3962 1790 4035 Pachmayr:
1816 3960 1917 4017 Series

188 4085 329 4142 abbatum
354 4105 390 4141 ac
414 4085 622 4159 religiosorum
646 4084 921 4140 Cremifanensium.

317 4196 340 4275 ⁴)
364 4198 525 4285 Archivum
549 4195 815 4253 Seitenstadiense.

318 4308 340 4388 5)
364 4310 485 4386 Scripta
508 4328 611 4366 eorum
635 4321 703 4364 sunt
726 4307 892 4383 deperdita.

318 4421 340 4500 ⁰)
365 4420 494 4479 Stauffer
518 4424 546 4476 in
569 4418 725 4476 annalibus
741 4421 887 4494 gymnasii
903 4417 1084 4475 Mellicensis
1105 4415 1181 4489 1865
1208 4418 1249 4471 ait
1265 4414 1302 4471 de
1319 4415 1519 4489 Hieronymo:
1548 4393 1700 4483 „Bernard
1716 4413 1774 4467 Pez
1797 4410 1918 4473 erzahle

189 4557 223 4594 er
246 4535 323 4592 habe
347 4537 376 4590 in
399 4534 453 4590 der
475 4533 646 4591 Bibliothek
669 4554 704 4589 zu
728 4535 969 4589 Kremsmiinster
993 4534 1078 4587 einen
1102 4528 1375 4603 Codexges'ehen,
1406 4529 1433 4582 in
1462 4526 1528 4581 dem
1553 4526 1601 4581 dic
1624 4526 1709 4581 Notiz
1734 4524 1919 4587 vorkomme,

189 4650 260 4706 dass
283 4668 373 4704 unser
397 4649 598 4722 Hieronymus
622 4665 656 4703 so
680 4646 757 4702 tiele
781 4646 898 4702 Biicher
928 4643 1128 4719 geschrieben
1157 4641 1250 4709 habe,
1284 4641 1353 4696 dass
1382 4640 1471 4696 sechs
1495 4637 1602 4694 Plerde
1631 4638 1712 4692 nicht
1741 4638 1778 4691 im
1808 4633 1920 4691 Stande

189 4771 300 4829 waren,
326 4764 369 4817 sic
394 4759 627 4828 sortzuliihren“‚
658 4774 687 4814 et
710 4758 747 4815 de
770 4758 933 4814 Leonardo
957 4755 1104 4830 Schilling
1128 4755 1204 4811 idem
1228 4768 1333 4810 auctor
1357 4752 1444 4809 dicit:
1479 4751 1539 4821 ,Er
1564 4751 1680 4805 machte
1704 4749 1769 4804 sich
1793 4766 1841 4803 um
1865 4747 1921 4803 alle

190 4872 593 4932 Facultatsivissenschasten
618 4871 762 4939 verdient,
787 4890 850 4927 war
873 4873 920 4927 ein
944 4869 1155 4926 unermiideter
1178 4867 1337 4933 Forscher‚
1363 4868 1410 4921 ein
1435 4864 1522 4919 Manu
1547 4881 1605 4918 von
1630 4861 1771 4917 ehernem
1795 4861 1920 4924 Fleisse‚

191 4990 238 5043 ein
261 5002 348 5061 guter
371 4987 477 5054 Maler,
507 4988 554 5041 ein
577 4982 724 5041 beliebter
747 4982 1003 5046 Gcsellschalter,
1035 4982 1100 5038 dem
1130 4981 1183 5037 der
1211 4980 1360 5036 romische
1384 4979 1484 5051 Kdnig
1508 4975 1689 5031 Maximilian
1712 4975 1735 5029 Ι.
1770 4971 1851 5045 1506
1875 4974 1921 5028 ein

193 5099 303 5155 Bistum
326 5114 447 5174 antrug‚
479 5099 532 5154 das
561 5117 593 5155 er
620 5096 693 5154 aber
719 5096 902 5153 bescheiden
925 5095 1096 5168 ausschlug.
1145 5094 1186 5149 Er
1209 5094 1288 5167 freng
1312 5094 1394 5147 seine
1423 5088 1718 5146 schriftstellerische
1742 5084 1922 5159 'lhatigkeit

193 5211 286 5267 sehon
310 5213 347 5266 im
371 5213 565 5268 achtzehnten
588 5212 678 5287 Jahre
702 5229 739 5266 an
769 5209 827 5265 und
850 5205 985 5276 schrieb,
1010 5209 1065 5263 wie
1090 5226 1123 5263 er
1146 5204 1241 5262 selbst
1270 5208 1298 5260 in
1322 5207 1416 5260 einem
1441 5205 1540 5259 seiner
1563 5200 1678 5256 Werke
1700 5195 1819 5272 angibt‚
1850 5195 1923 5253 iiber

192 5322 310 5396 achtzig
334 5324 481 5381 Biicher“.
513 5326 616 5401 Opera
644 5342 748 5381 eorum
778 5322 847 5378 ride
870 5320 1000 5394 Stauiier
1024 5321 1041 5376 l.
1067 5340 1092 5377 c.
1118 5321 1319 5395 Hieronymus
1342 5337 1368 5374 a.
1398 5329 1491 5389 1475,
1516 5314 1693 5370 Leonardus
1716 5316 1743 5369 a.
1773 5326 1854 5384 1540
1878 5323 1924 5367 est

192 5434 358 5491 defunctus.
