4252 6112
932 501 1213 571 -347-

288 686 354 741 XX.
372 685 507 741 Historia
524 687 641 743 concilii
659 687 841 745 Basileensis
858 684 905 765 (ex
923 690 1029 746 codice
1068 718 1072 737 ι

200 789 271 847 bibl.
289 789 553 870 Vindobonensis).
578 791 653 849 Cod.
678 794 706 848 in
728 793 778 850 101.
805 808 863 867 723
889 813 918 870 p.
944 793 1028 869 Sign.
1068 852 1070 883 :

200 897 281 952 arch.
300 895 338 952 G.
355 916 393 951 m.
414 910 441 967 7.

286 1018 368 1075 XXI.
393 1019 607 1075 Ordinationes
628 1032 658 1074 et
678 1032 789 1075 statuta
811 1020 955 1077 Bonisacii
973 1022 1028 1076 Pa-

200 1141 257 1199 pae
275 1125 325 1180 IX.
342 1124 366 1179 F
369 1142 430 1179 asc.
448 1124 476 1178 in
494 1122 535 1179 8⁰.
553 1143 576 1179 s.
594 1142 664 1199 pag.
686 1123 771 1199 Sign.
788 1125 869 1181 arch.
887 1123 925 1182 G.
943 1145 981 1181 m.
999 1123 1027 1181 8.

286 1260 341 1321 De
369 1259 444 1321 iure
471 1259 680 1341 provinciali
704 1259 888 1322 Moraviae
915 1261 1028 1323 disse-

199 1392 295 1444 runt:

287 1528 382 1584 XXII.
412 1527 662 1603 Diplomatarium
686 1529 840 1584 Moraviae
864 1544 937 1584 seu:
966 1527 1028 1584 col-

200 1633 288 1689 lectio
305 1633 497 1708 diplomatum
515 1633 751 1688 marchionatum
767 1633 921 1688 Moraviae
937 1650 1026 1707 spec·

200 1739 333 1793 rantium.
351 1737 437 1794 Fasc.
456 1738 485 1792 in
503 1736 553 1792 101.
571 1755 594 1793 s.
612 1755 683 1812 pag.
700 1734 784 1810 Sign.
798 1738 880 1793 arch.
898 1737 935 1792 H.
953 1755 980 1792 a.
1002 1750 1028 1792 1.

285 1859 396 1914 XXIII.
428 1859 619 1932 privilegium
651 1857 797 1915 baronum
829 1872 859 1914 et
885 1857 1028 1915 nobilium
1067 1782 1070 1899 l

199 1966 372 2039 provinciae
391 1965 551 2019 lIrunensis
568 1963 604 2018 de
621 1981 700 2018 anno
722 1978 811 2036 1229.
829 1964 917 2020 Fasc.
932 1965 960 2019 in
975 1963 1027 2019 101.

199 2084 237 2142 07
257 2089 285 2144 p.
304 2069 389 2143 Sign.
406 2069 487 2125 arch.
506 2070 543 2125 H.
560 2088 588 2125 a.
606 2085 635 2141 4.

285 2192 393 2248 XXIV.
411 2192 568 2248 Venceslai
585 2209 690 2248 anon.:
708 2193 830 2267 antiqua
847 2193 910 2247 iura
926 2192 1026 2247 Mora-

198 2299 278 2362 viae,
301 2316 336 2351 ex
358 2298 421 2351 iure
443 2297 603 2369 lglariensi
625 2295 760 2371 perlecta
785 2308 814 2351 et
838 2295 1025 2352 confirmata.

198 2401 272 2457 (Jod.
291 2403 319 2457 in
336 2400 387 2456 101.
406 2399 465 2473 285
485 2420 514 2476 p.
531 2399 617 2474 Sign.
634 2400 715 2457 arch.
734 2401 771 2457 H.
789 2399 818 2456 b.
841 2416 865 2457 1.

284 2537 476 2600 Historiam
502 2537 686 2599 Moraviae
713 2537 749 2598 in
775 2554 908 2618 genere
935 2547 1026 2599 trac-

198 2669 274 2721 tant
286 2682 293 2720 :

283 2804 377 2861 XXV.
400 2804 597 2878 consignatio
613 2801 806 2878 alphabetica
822 2803 952 2857 omnium
969 2801 1025 2858 bo·

198 2926 313 2973 norum,
337 2927 415 2982 quae
440 2926 518 2962 anno
548 2905 624 2977 1623
651 2904 814 2962 rebellibus
838 2908 866 2962 in
889 2907 1024 2962 Moravia

196 3011 314 3068 luerunt
331 3013 503 3069 confiscata.
522 3012 596 3068 Cod.
611 3014 639 3068 in
653 3011 703 3067 101.
726 3026 781 3082 113
797 3030 826 3086 p.
844 3010 928 3085 Sign.
939 3012 1022 3067 arch.

196 3117 233 3172 l·l.
252 3116 280 3172 d.
303 3132 349 3173 12.

282 3254 336 3314 De
353 3253 530 3315 nobilibus
546 3251 729 3314 Moraviae
745 3261 782 3314 et
797 3250 986 3314 Boemiae:

282 3396 1024 3472 XXVI.GenealogiacomitumdeSchlick.Fasc.

195 3506 296 3558 variae
313 3502 427 3558 formae
444 3523 467 3559 s.
486 3522 556 3577 pag.
575 3502 659 3577 Sign.
677 3504 759 3559 arch.
778 3504 816 3559 H.
834 3521 860 3560 e.
883 3518 908 3560 1.

281 3608 404 3664 XXVII.
430 3609 492 3663 Des
515 3606 800 3683 Rosenbergischen
821 3607 1020 3665 (ieschlechts

195 3713 549 3785 (lriginal·hlonumente.
574 3712 650 3768 Cod.
676 3715 704 3767 in
729 3712 779 3767 101.
804 3732 833 3788 p.
857 3710 895 3768 62
921 3726 951 3768 et
972 3728 1022 3785 49.

194 3819 279 3891 Sign.
296 3818 378 3873 arch.
396 3819 433 3872 H.
452 3818 479 3872 h.
497 3831 513 3887 3
519 3831 635 3889 3—34.

279 3953 511 4015 Miscellanea
528 3954 573 4014 ad
589 3952 786 4014 Moraviam
803 3950 1020 4034 spectantia:

281 4099 420 4154 XXVIII.
450 4099 623 4172 Conceptus
652 4097 830 4164 litterarum,
858 4095 1023 4172 praefatio·

193 4222 271 4268 num,
288 4204 512 4257 annotationum
530 4215 588 4257 etc.
610 4220 688 4276 quae
709 4202 747 4257 ad
764 4202 917 4257 historiam
935 4220 1022 4278 prae·

192 4309 295 4363 sertim
315 4307 470 4363 Morariae
491 4309 651 4382 pertinent.
675 4308 763 4363 Fasc.
780 4320 885 4363 vastus
901 4309 975 4363 satis
992 4308 1021 4362 in

192 4411 243 4467 fol.
262 4411 346 4485 Sign.
364 4412 445 4468 arch.
464 4411 501 4467 H.
520 4409 539 4468 l.
559 4425 585 4485 7.

278 4536 388 4591 XXIX.
414 4535 580 4609 (latalogus
601 4535 827 4611 privilegiorum
850 4550 881 4591 et
904 4534 1020 4590 littera·

193 4659 257 4695 rum
282 4640 411 4695 civiaatis
434 4640 607 4696 Brunensis.
632 4641 720 4695 Fasc.
737 4641 839 4696 variae
861 4638 974 4695 sormae
996 4657 1019 4693 S.

192 4763 263 4819 pag.
281 4743 365 4817 Sign.
382 4745 467 4800 arch.
485 4746 521 4800 H.
541 4764 577 4800 m.
596 4759 625 4801 2.

280 4879 540 4961 Diplomataria
560 4890 596 4941 et
617 4878 670 4940 ius
691 4878 908 4960 provinciale
929 4878 1015 4941 Boe-

191 5001 297 5064 miae:

278 5148 373 5203 XXX.
396 5147 643 5223 Diplomatarium
668 5147 753 5220 regni
775 5147 925 5214 Boemiae‚
949 5165 1019 5223 par·

191 5255 241 5309 tim
263 5271 385 5327 quoque
406 5253 559 5307 Moraviae
581 5265 611 5306 et
631 5249 759 5307 Silesiae
780 5252 937 5307 continens
960 5249 1018 5322 138

191 5360 389 5413 instrumenta
402 5356 512 5411 saeculi
527 5356 708 5412 Xl—XVII.
723 5353 798 5412 (Jod.
813 5353 899 5411 insol.
914 5374 938 5410 s.
948 5373 1018 5430 pag.

191 5460 275 5535 Sign.
292 5461 375 5516 arch.
394 5461 431 5516 H.
449 5479 478 5533 g.
501 5475 526 5515 1.

1196 692 1306 748 XXXI.
1330 691 1483 748 Elenchus
1507 693 1732 768 privilegiorum
1754 698 1837 770 regni
1861 698 1942 755 Boe·

1110 799 1187 853 miae
1203 816 1240 853 ex
1257 797 1362 853 codice
1378 795 1449 854 bibl.
1460 795 1588 855 Vindob.
1603 799 1640 854 de
1656 818 1734 855 anno
1754 815 1843 873 1501.
1861 802 1936 860 Cod.

1068 888 1071 970 l
1109 904 1137 957 in
1155 902 1204 958 101.
1222 901 1286 973 338
1304 922 1332 977 p.
1352 901 1436 976 Sign.
1454 903 1536 958 arch.
1554 903 1592 959 H.
1609 923 1638 977 g.
1656 918 1686 974 3.

1195 1009 1318 1064 XXXII.
1345 1008 1488 1081 Register
1508 1008 1732 1083 privilegiorum
1754 1013 1839 1085 regni
1860 1013 1938 1070 Boe-

1109 1114 1194 1179 miae‚
1211 1113 1367 1169 Moraviae
1384 1126 1414 1169 et
1430 1112 1557 1169 Silesiae
1577 1132 1632 1171 nec
1656 1133 1715 1170 non
1738 1118 1891 1172 civitatum
1910 1119 1939 1173 in

1109 1219 1152 1272 eis
1169 1218 1301 1273 sitarum.
1320 1218 1394 1275 Cod.
1409 1221 1437 1274 io
1451 1217 1501 1274 101.
1519 1233 1558 1291 52
1574 1238 1602 1294 p.
1620 1218 1704 1294 Sign.
1718 1220 1800 1277 arch.
1811 1222 1849 1278 H.
1862 1241 1892 1296 g.
1906 1238 1936 1294 4.

1195 1322 1335 1378 XXXIII.
1357 1322 1511 1397 Excerpta
1526 1324 1610 1379 varia
1626 1323 1771 1380 historica
1794 1338 1824 1381 et
1841 1325 1939 1402 diplo-

1109 1427 1217 1481 matica
1232 1445 1268 1481 ex
1282 1427 1461 1483 cancellaria
1473 1427 1573 1484 Caroli
1587 1428 1637 1484 IV.
1655 1428 1730 1485 Cod.
1744 1430 1773 1485 in
1785 1428 1835 1486 101.
1853 1428 1894 1486 60
1907 1450 1938 1507 p.

1109 1529 1194 1603 Sign.
1212 1531 1294 1586 arch.
1312 1530 1350 1585 H.
1369 1550 1397 1603 g.
1416 1546 1445 1602 5.

1195 1635 1334 1692 XXXIV.
1352 1635 1464 1692 Iudicia
1477 1638 1673 1711 provincialia
1686 1639 1770 1711 regni
1784 1639 1936 1707 Boemiae,

1109 1753 1253 1815 excerpta
1269 1758 1306 1795 ex
1326 1738 1428 1810 „libris
1445 1741 1655 1796 Memoriarum
1673 1744 1757 1816 regni
1774 1744 1934 1800 Boemiae“

1109 1862 1126 1898 a
1148 1844 1259 1900 Carolo
1277 1844 1326 1900 IV.
1350 1862 1445 1918 usque
1468 1843 1507 1899 ad
1530 1843 1697 1919 Georgium
1720 1865 1832 1920 regem.
1861 1848 1936 1904 Cod.

1109 1950 1173 2004 sine
1197 1950 1405 2024 paginatione,
1429 1951 1494 2004 sine
1517 1949 1622 2005 ordine
1647 1965 1821 2024 congestus.
1852 1949 1938 2027 Sign.

1109 2053 1189 2108 arch.
1208 2053 1245 2108 H.
1262 2072 1292 2126 g.
1310 2050 1338 2109 6.

1195 2156 1318 2213 XXXV.
1343 2156 1474 2232 Antiqua
1498 2160 1563 2214 iura
1583 2160 1778 2234 provincialia
1799 2178 1852 2216 seu
1875 2175 1937 2217 sta·

1109 2275 1172 2317 tuta
1187 2263 1328 2318 Boemiae
1344 2262 1444 2336 lingua
1461 2264 1601 2320 Boemica
1618 2267 1800 2340 conscripta.
1819 2240 1894 2322 God.
1908 2267 1937 2321 in

1109 2365 1158 2421 101.
1179 2363 1217 2440 76
1234 2386 1264 2442 p.
1282 2365 1366 2441 Sign.
1384 2368 1466 2423 arch.
1484 2368 1521 2423 H.
1540 2387 1569 2441 g.
1590 2382 1617 2441 7.

1193 2471 1331 2528 XXXVI.
1356 2472 1510 2547 Excerpta
1533 2472 1570 2528 ad
1592 2474 1637 2528 ius
1653 2474 1840 2547 provinciale
1856 2475 1933 2530 Boe·

1107 2576 1182 2630 miae
1192 2579 1368 2651 spectantia.
1379 2592 1397 2648 9
1408 2576 1510 2632 hlerae
1521 2576 1608 2633 insol.
1618 2575 1791 2651 Signarch.
1802 2579 1875 2652 H.g.
1888 2593 1935 2635 12.

1193 2699 1346 2755 XXXVII.
1368 2700 1605 2756 constitutiones
1621 2700 1780 2757 Venceslai
1798 2701 1835 2756 II.
1854 2703 1936 2775 regis

1106 2806 1285 2860 Boemorum
1302 2803 1339 2858 de
1356 2802 1472 2859 iuribus
1487 2804 1707 2860 Montanorum.
1732 2805 1808 2861 Cod.
1833 2807 1862 2860 in
1884 2805 1934 2862 101.

1112 2922 1167 2964 102
1186 2927 1215 2983 p.
1234 2907 1319 2982 Sign.
1336 2909 1418 2964 arch.
1437 2909 1474 2964 H.
1492 2927 1522 2982 g.
1545 2922 1590 2980 13.

1192 3013 1361 3069 XXXVIII.
1379 3014 1501 3069 Boemia
1514 3013 1617 3070 docta:
1634 3014 1696 3071 Viri
1713 3014 1794 3070 docti
1810 3027 1841 3070 et
1857 3015 1935 3070 litte·

1107 3118 1173 3183 rati,
1198 3119 1248 3192 qui
1272 3119 1300 3172 in
1322 3118 1454 3184 Boemia
1476 3118 1611 3174 Moraria
1632 3132 1662 3174 et
1677 3116 1785 3174 Silesia
1806 3120 1867 3173 nati
1881 3132 1934 3175 aut

1106 3222 1235 3288 educati,
1253 3225 1415 3296 omnigena
1432 3222 1598 3279 eruditione
1615 3222 1687 3278 clari
1709 3236 1739 3279 et
1760 3224 1881 3298 scriptis
1897 3242 1933 3279 ac

1105 3327 1235 3400 vulgatis
1251 3325 1335 3383 libris
1352 3345 1420 3383 sese
1442 3340 1473 3382 et
1494 3329 1620 3402 patriam
1637 3328 1832 3383 illustrarunt.
1856 3326 1933 3384 Cod.

1106 3434 1133 3486 in
1151 3431 1202 3488 101.
1219 3446 1282 3505 319
1300 3452 1329 3508 p.
1347 3433 1431 3505 Sign.
1448 3432 1529 3489 arch.
1547 3433 1585 3489 H.
1602 3452 1632 3507 g.
1654 3448 1701 3505 14.

1190 3554 1329 3611 XXXIX.
1347 3556 1494 3611 Vincentii
1511 3556 1647 3611 canonici
1664 3556 1828 3629 Pragensis
1844 3556 1934 3613 chro-

1104 3662 1191 3715 nicon
1208 3658 1247 3716 ab
1263 3678 1342 3715 anno
1362 3657 1582 3732 1140-1185.
1611 3659 1686 3716 Cod.
1703 3662 1733 3715 in
1749 3659 1800 3716 101.
1830 3675 1884 3733 103
1903 3680 1933 3737 p.

1104 3764 1189 3838 Sign.
1206 3765 1288 3820 arch.
1306 3764 1343 3820 H.
1358 3784 1387 3838 g.
1404 3779 1450 3838 17.
1472 3763 1602 3841 (Editum
1620 3766 1647 3820 in
1664 3781 1772 3839 opere:
1794 3763 1932 3832 Dobner‚

1103 3883 1294 3925 monumenta
1321 3870 1464 3926 historica
1488 3871 1646 3937 Boemiae,
1670 3883 1718 3925 ast
1741 3868 1932 3926 solummodo

1104 3993 1199 4051 usque
1213 3976 1250 4031 ad
1265 3974 1355 4047 1167,
1366 3976 1452 4030 sicuti
1466 3988 1496 4029 et
1509 3987 1611 4029 cetera
1624 3992 1718 4050 opera
1728 3975 1783 4030 Ms.
1797 3973 1881 4030 aN0.
1891 3987 1933 4047 39

1102 4079 1186 4153 -48
1204 4083 1233 4136 in
1250 4081 1395 4135 historico
1412 4097 1506 4154 opere
1524 4078 1619 4134 hocce
1636 4097 1673 4134 ex
1689 4092 1775 4154 parte
1792 4092 1861 4134 sunt
1877 4080 1930 4134 im·

1103 4182 1230 4263 pressa.)

1188 4290 1253 4345 XL.
1275 4289 1446 4345 Chronicon
1467 4287 1670 4364 Neplachonis
1690 4284 1810 4343 abbatis
1826 4286 1932 4363 Oppa·

1103 4397 1277 4452 toricensis
1295 4394 1370 4451 Cod.
1384 4396 1413 4449 in
1426 4394 1476 4450 101.
1494 4392 1532 4450 62
1547 4414 1576 4469 p.
1595 4393 1679 4468 Sign.
1692 4393 1775 4451 arch.
1789 4394 1826 4450 H.
1838 4413 1868 4468 g.
1884 4409 1930 4466 19.

1188 4519 1269 4574 XLI.
1280 4518 1432 4574 Francisci
1442 4516 1751 4590 canoniciPragensis
1764 4516 1930 4572 chronicon

1106 4639 1139 4679 12
1145 4636 1327 4696 50-1340.
1350 4621 1424 4676 (tod.
1443 4620 1539 4677 insol.
1562 4634 1617 4692 145
1636 4639 1665 4695 p.
1690 4617 1773 4693 Sign.
1792 4619 1872 4674 arch.
1891 4619 1928 4674 H.

1123 4742 1198 4785 .20.

1100 4747 1120 4802 g
1186 4832 1280 4888 XLII.
1309 4830 1481 4888 Plibikonis
1509 4829 1578 4884 dicti
1603 4828 1737 4883 Pulkava
1762 4827 1927 4883 chronicon

1100 4939 1184 5010 regni
1198 4937 1337 4992 Boimiae
1351 4954 1448 5010 usque
1461 4933 1498 4989 ad
1510 4951 1617 4988 annum
1638 4946 1727 5002 1330.
1744 4930 1820 4987 Cod.
1834 4931 1862 4985 in
1876 4929 1930 4986 101.

1104 5058 1163 5115 199
1181 5060 1210 5117 p.
1228 5038 1313 5115 Sign.
1332 5040 1412 5096 arch.
1430 5039 1467 5095 H.
1485 5057 1515 5112 g.
1535 5053 1584 5094 22.

1185 5145 1294 5201 xant.
1313 5144 1396 5200 Pauo
1409 5126 1502 5198 Ina.
1518 5160 1585 5197 ean.
1598 5142 1687 5215 arag.
1705 5139 1772 5197 non
1786 5140 1838 5196 111.
1855 5158 1929 5197 eon-

1099 5250 1233 5306 siliorum
1249 5248 1287 5304 ad
1303 5266 1406 5322 regem
1424 5246 1590 5320 Georgium
1605 5242 1853 5301 Podiebradium:
1874 5243 1931 5315 „de

1099 5353 1189 5411 modo
1206 5353 1367 5428 eligendi“.
1391 5351 1466 5409 Cod.
1490 5353 1517 5406 in
1535 5349 1586 5407 101.
1611 5364 1668 5422 135
1687 5370 1717 5427 p.
1744 5348 1829 5423 Sign.
1847 5349 1929 5406 arch.

1100 5459 1137 5515 H.
1157 5478 1186 5533 g.
1205 5473 1255 5531 23.

1672 5556 1725 5617 44‘
