4222 6106
930 459 1188 521 -LIX—

187 707 270 750 cum
293 687 469 768 convictu,
493 687 550 749 cui
572 689 685 749 abbas
702 686 884 749 Marianus
906 685 1145 769 (1702-1707)
1170 684 1303 746 adiecit
1323 683 1523 746 convictum
1540 703 1729 765 puerorum
1746 685 1926 768 nobilium,

187 824 402 890 Stirensium
425 824 595 886 nobilium
619 824 823 906 frequentia
846 824 1114 887 celeberrimum
1132 825 1164 904 ¹).

321 963 404 1027 Istis
427 963 463 1025 in
486 962 684 1045 gymnasiis
708 962 808 1025 initio
833 962 977 1044 quidem
1001 963 1127 1024 eadem
1151 971 1237 1040 erat,
1262 979 1354 1041 quae
1378 959 1469 1040 olim,
1495 961 1647 1023 docendi
1670 962 1776 1043 rati0,
1800 975 1928 1045 postea

187 1122 276 1164 vero
299 1100 487 1184 gymnasia
509 1102 555 1163 ad
579 1101 782 1182 exemplum
807 1101 1020 1182 scholarum,
1052 1099 1180 1181 quibus
1204 1097 1359 1161 Iesuitae
1383 1110 1588 1179 praeerant,
1619 1103 1929 1165 commutabantur

187 1240 371 1321 etiamque
404 1238 485 1301 libri
520 1239 719 1320 complures
753 1259 775 1300 a
810 1238 952 1302 Iesuitis
987 1219 1179 1319 conscripti
1215 1237 1251 1299 in
1286 1238 1484 1299 scholarum
1520 1257 1620 1298 usum
1654 1238 1927 1303 adhibebantur.

186 1375 306 1440 Senas
328 1376 527 1457 gymnasia,
552 1376 587 1439 in
611 1377 740 1457 quibus
763 1376 988 1459 gymnasium
1006 1374 1281 1455 Cremifanense,
1305 1376 1486 1436 habebant
1510 1375 1655 1456 classes,
1673 1395 1821 1456 quarum
1837 1377 1926 1440 haec

185 1525 292 1578 erant
315 1515 476 1577 nomina:
511 1515 760 1597 „Rhetorica“,
793 1515 828 1576 in
860 1533 930 1595 qua
960 1523 1104 1594 praeter
1127 1512 1299 1594 Curtium,
1323 1512 1536 1594 Vergilium,
1569 1511 1742 1576 Senecam
1773 1515 1928 1577 maxime

184 1651 305 1716 Soarii
323 1651 499 1735 Synopsis
515 1663 622 1734 atque
642 1653 823 1716 Rhetores
839 1651 1038 1714 Porcenses
1062 1651 1291 1732 legebantur;
1318 1649 1495 1732 „Poesis“,
1519 1649 1553 1711 in
1572 1670 1642 1731 qua
1658 1662 1802 1731 praeter
1815 1652 1925 1734 Verg.

185 1802 226 1855 et
250 1790 409 1853 Curtium
426 1790 547 1855 Ovidii
571 1790 728 1853 carmina
751 1791 964 1871 legebantur
980 1799 1016 1850 et
1033 1788 1250 1850 Acroamata
1265 1789 1515 1860 tradebantur;
1540 1787 1575 1849 in
1593 1786 1787 1871 ,Syntaxi“
1806 1790 1927 1852 Aemi-

183 1930 259 1991 lius
274 1929 425 2010 ProbuS,
442 1929 509 1990 Pia
525 1928 713 2010 desideria,
734 1927 878 1990 fabulae
892 1927 1039 2007 Aesopi,
1056 1924 1238 2007 syntaxis3
1260 1925 1294 1986 in
1314 1923 1613 2007 ,Grammatica“:
1637 1925 1758 2010 ,Quae
1770 1928 1927 1990 maribus

184 2066 336 2147 solum“,
352 2066 504 2129 Nomina
521 2066 729 2147 composita,
746 2065 979 2148 Symplicium
1003 2066 1119 2147 leges;
1145 2064 1179 2126 in
1198 2064 1468 2146 ,Rudimentis“
1492 2065 1693 2127 rudimenta
1709 2077 1745 2128 et
1761 2067 1924 2149 syntaxis

183 2205 294 2285 primi
316 2204 470 2287 generis,
494 2204 529 2266 in
555 2202 777 2287 „Principia“
806 2224 843 2281 14
861 2203 1008 2285 regulae
1032 2211 1228 2284 syntaxeos
1253 2213 1288 2263 et
1313 2201 1514 2264 rudimenta
1531 2172 1792 2266 tractabantur.
1823 2206 1923 2268 Reli·

183 2341 307 2422 gionis
330 2342 518 2423 disciplina
541 2343 734 2404 secundum
759 2341 1024 2404 Bellarminium
1049 2350 1084 2403 et
1109 2339 1299 2420 Canisium,
1328 2360 1347 2401 e
1376 2338 1516 2402 Graeca
1543 2340 1665 2423 lingua
1693 2344 1926 2423 grammatica

184 2491 329 2541 tantum
343 2480 569 2553 tradebatur;
593 2479 817 2562 geographia
833 2487 870 2540 et
885 2478 1033 2542 historia
1048 2478 1149 2540 initio
1166 2478 1309 2558 quidem
1324 2479 1370 2539 ad
1387 2477 1637 2558 explicandum
1654 2479 1926 2563 adhibebantur,

185 2617 274 2678 inde
297 2639 319 2678 a
341 2617 458 2680 medio
482 2619 625 2680 saeculo
649 2617 798 2697 XVIII,
822 2627 861 2680 ut
884 2587 1118 2697 arithmetica,
1147 2615 1313 2696 propriae
1343 2615 1554 2697 disciplinae
1578 2636 1657 2679 esse
1682 2630 1874 2698 coeperant
1890 2621 1925 2700 ²).

321 2753 452 2818 Schola
475 2756 680 2818 monasterii
703 2775 730 2819 s.
747 2754 845 2818 Petri
861 2753 1072 2846 Salisburgi,
1097 2774 1189 2835 quae
1205 2754 1346 2835 integra
1361 2764 1540 2817 manserat
1564 2774 1585 2815 a
1609 2755 1770 2819 doctrina
1794 2758 1925 2822 Luthe·

184 2914 278 2956 rana
301 2905 337 2956 et
359 2895 503 2956 saeculo
526 2894 628 2956 XVI.
653 2913 821 2976 magnum
845 2913 972 2957 nomen
1000 2903 1192 2956 consecuta
1220 2903 1306 2973 erat,
1337 2912 1403 2973 per
1431 2893 1738 2974 archiepiscopum
1763 2896 1925 2961 Marcum

184 3030 364 3112 Sitticum,
389 3032 553 3094 comitem
578 3033 623 3121 de
647 3031 854 3093 Hohenems
879 3031 1117 3110 (rom-1619)
1143 3029 1178 3092 in
1202 3029 1472 3092 universitatem
1501 3050 1674 3094 conversa
1702 3044 1767 3097 est.
1813 3037 1848 3097 Is
1871 3037 1925 3098 vir

183 3168 405 3231 clarissimus
428 3179 536 3251 atque
560 3171 604 3231 de
627 3172 735 3231 rebus
759 3168 1093 3251 Salisburgensibus
1116 3169 1250 3249 optime
1271 3169 1426 3251 meritus,
1451 3190 1529 3232 cum
1545 3170 1678 3234 frustra
1695 3173 1829 3253 egisset
1846 3194 1924 3238 cum

183 3306 422 3386 complurium
453 3307 612 3371 ordinum
645 3307 890 3389 religiosorum
921 3306 1152 3388 praepositis,
1182 3326 1225 3368 ne
1256 3307 1437 3370 omitteret
1468 3309 1652 3371 consilium
1683 3311 1924 3375 universitatis

184 3445 412 3525 condendae,
443 3465 521 3507 cum
545 3444 702 3506 Ioachim
726 3446 858 3506 abbate
882 3463 909 3507 s.
933 3444 1031 3507 Petri
1056 3445 1295 3526 (rom-1020)
1328 3447 1373 3507 de
1406 3446 1636 3510 universitate
1667 3449 1780 3511 ordini
1809 3450 1924 3513 Bene·

184 3582 401 3645 dictinorum
424 3583 599 3644 tradenda
628 3582 827 3664 transigere
851 3592 1029 3662 coeperat.
1076 3582 1161 3663 Hic,
1193 3594 1232 3647 ut
1263 3594 1340 3646 erat
1370 3584 1563 3646 acerrimus
1594 3587 1764 3648 bonarum
1797 3589 1923 3651 artium

183 3720 317 3801 fautor,
340 3740 405 3801 per
428 3719 607 3782 Bavariae
631 3729 667 3782 et
683 3718 838 3783 Sueviae
862 3720 1077 3782 monasteria
1101 3720 1319 3802 circumibat,
1344 3731 1382 3784 ut
1406 3722 1522 3785 socios
1547 3722 1581 3784 in
1605 3734 1743 3804 partem
1766 3738 1922 3791 vocaret.

182 3858 263 3923 Sed
286 3859 376 3920 adeo
399 3878 464 3939 spe
487 3857 678 3921 frustratus
702 3868 767 3939 est,
792 3868 839 3941 ut,
864 3879 940 3921 cum
966 3859 1117 3939 plurima
1141 3860 1288 3922 obiisset
1313 3861 1537 3942 monasteria,
1561 3861 1597 3922 in
1622 3882 1692 3924 uno
1709 3868 1923 3930 monasterio

182 3996 413 4060 Ottoburano
437 3997 659 4077 propositum
681 3996 947 4076 adsequeretur.
991 3997 1046 4059 Ita
1069 3998 1208 4059 duobus
1230 3996 1286 4059 his
1309 3999 1533 4061 monasteriis
1557 3999 1752 4063 coniunctis
1776 4023 1923 4085 gymna-

181 4136 277 4199 sium
301 4154 328 4197 s.
352 4134 450 4196 Petri
474 4134 532 4196 die
556 4138 585 4196 ὁ.
609 4134 698 4197 Νον.
728 4139 805 4212 1617
832 4134 1049 4196 sollemniter
1072 4145 1235 4216 apertum
1259 4146 1323 4217 est,
1348 4146 1456 4217 atque
1481 4137 1734 4219 discipulorum
1757 4160 1923 4204 numerus

182 4272 303 4355 magis
334 4271 519 4353 magisque
552 4274 747 4335 crescebat.
794 4271 882 4336 Cum
913 4273 970 4335 die
1007 4279 1053 4336 18.
1078 4271 1157 4336 Oct.
1192 4278 1271 4336 1618
1303 4276 1519 4338 monasteria
1550 4296 1576 4339 s.
1601 4276 1729 4359 Blasii,
1762 4300 1788 4342 s.
1813 4280 1922 4362 Petri,

182 4412 468 4491 Ottoburanum,
500 4408 633 4473 Altaha
662 4410 825 4492 inferior,
857 4431 884 4474 s
908 4410 1001 4491 Viti,
1032 4411 1381 4494 Michaelburanum,
1410 4413 1600 4495 AndechS,
1629 4415 1921 4500 Wessofontium,

183 4549 399 4630 Ursinense,
434 4568 460 4610 s
491 4547 601 4609 Ulrici
637 4557 672 4610 et
706 4549 836 4630 Afrae,
871 4549 1061 4631 Augustae
1089 4549 1372 4632 Vindelicorum,
1407 4552 1691 4635 Thierhaupten,
1727 4553 1921 4638 Scheyem,

182 4709 211 4750 s.
243 4687 380 4768 Crucis,
409 4687 626 4767 Werdense,
661 4687 897 4770 Deggingen,
932 4687 1156 4769 Neresheim,
1191 4686 1301 4770 Seon,
1333 4690 1427 4770 Ror,
1459 4690 1672 4774 Elchingen,
1703 4693 1919 4774 Tegernsee,

183 4826 577 4904 Benedictoburanum,
608 4824 917 4905 Weihenstephan
947 4825 1276 4909 (Haerostephani),
1307 4827 1461 4910 Metten,
1489 4828 1731 4910 Mallersdorf,
1760 4831 1920 4894 Welten·

182 4969 290 5046 burg,
326 4962 637 5043 Brunvenigense,
670 4983 696 5025 s.
720 4962 922 5025 Emmerani
952 4964 1195 5046 Ratisbonae,
1231 4984 1257 5028 s
1289 4966 1410 5030 Iacobi
1445 4967 1490 5029 ad
1521 4965 1649 5030 Scotos
1683 4966 1920 5052 Ratisbonae,

182 5147 495 5163 μ

315 5267 337 5345 ¹)
360 5269 460 5325 Fuchs
484 5269 501 5325 l.
526 5289 551 5326 c.

316 5380 338 5458 2)
362 5383 449 5455 Hagn
474 5383 491 5440 l.
516 5402 541 5440 c.
