4252 6112
925 473 1205 522 -212-

190 660 319 724 lemnia
335 658 393 722 die
406 663 436 723 3.
450 658 544 741 Aug.
563 663 641 721 1852
655 657 781 739 emisit,
798 667 834 720 et
847 656 1020 719 absolutis

192 808 216 847 s.
230 781 433 865 theologiae
450 781 485 844 in
501 801 528 843 s.
541 791 661 844 monte
678 780 805 844 studiis
818 781 943 843 eodem
960 800 1021 843 an·

190 926 236 969 no
255 924 282 984 7.
296 906 392 988 Aug.
408 906 599 987 presbyter
615 903 798 965 ordinatus
811 912 875 965 est.
897 906 1021 965 1852—

195 1031 275 1091 1866
299 1026 481 1109 professor
496 1046 624 1109 -gymn
645 1024 826 1107 Strigonii,
853 1029 1020 1104 1856-59

191 1161 311 1213 orator
323 1170 345 1213 a
358 1148 468 1212 sacris
478 1149 514 1212 in
524 1168 551 1211 1.
561 1158 690 1229 monte,
706 1151 873 1227 1859-00
885 1145 1022 1229 profes·

192 1292 251 1335 sor
262 1271 297 1333 in
310 1272 413 1353 lyceo
427 1269 706 1350 archiabbatiali,
721 1273 884 1332 1860-61
905 1269 1022 1331 denuo

194 1403 312 1456 orator
328 1413 350 1454 a
366 1392 486 1474 sacris,
508 1395 672 1454 1861—63
687 1390 868 1472 professor
879 1389 1022 1471 Iaurini,

196 1520 363 1595 1863-(19
373 1514 638 1577 administrator
646 1512 837 1594 parochiae
850 1512 885 1574 in
894 1511 1022 1574 sMar·

190 1637 276 1719 tin0,
306 1640 472 1716 1869-79
499 1636 535 1698 in
557 1636 734 1718 Tarkany,
763 1654 808 1696 ex
835 1636 903 1697 hoc
930 1653 1023 1696 anno

191 1757 309 1822 officio
340 1757 635 1821 administratoris
664 1760 836 1821 bonorum
869 1757 904 1819 in
932 1756 1023 1819 Fiiss

191 1880 361 1964 fungitur.
386 1878 551 1960 Scripsit:

279 2009 312 2063 ln
328 2005 379 2064 lib.
396 2005 513 2082 period.
534 2002 855 2080 „Pazmitny·fiizetek“
875 2017 937 2059 tres
954 2022 1023 2061 ora·

192 2114 290 2168 tiones
306 2128 424 2168 sacras:
445 2112 478 2181 a)
498 2113 526 2166 in
548 2110 618 2166 hon.
641 2129 666 2166 s.
684 2107 829 2184 Stephani
853 2121 1024 2184 protomar·

193 2217 277 2290 tyria,
299 2214 389 2289 1859,
407 2215 465 2281 1113
490 2214 522 2288 b)
542 2232 598 2291 pro
620 2213 668 2269 die
690 2213 768 2270 festo
790 2214 1023 2269 annuntiationis

193 2320 225 2376 B.
246 2321 285 2375 Μ.
304 2318 340 2375 V.
365 2317 474 2375 ibidem
482 2335 489 2386 ;
515 2319 543 2392 c)
566 2320 594 2374 in
619 2318 688 2374 hon.
713 2336 737 2373 s.
754 2318 875 2373 loannis
896 2318 1023 2393 Nepom.

198 2423 288 2496 1859.
306 2423 356 2479 IV.

280 2535 370 2630 loly
385 2544 647 2607 Raimundus
661 2542 1024 2627 (Cremifanensis),

193 2671 299 2725 antea
311 2661 476 2743 Mathias,
493 2660 778 2743 Salisburgensis
791 2661 849 2723 die
860 2683 909 2724 22.
920 2662 1023 2724 Febr.

198 2804 280 2863 1720
295 2793 410 2865 natus,
427 2783 599 2846 absolutis
615 2783 650 2846 in
666 2785 753 2844 urbe
766 2783 882 2865 patria
898 2783 1026 2845 studiis

194 2903 384 2968 Cremifani
411 2904 469 2967 die
502 2926 527 2968 1.
551 2904 640 2967 Nov.
670 2908 751 2983 1738
778 2903 961 2985 professus
989 2903 1025 2966 in

194 3029 287 3092 univ.
316 3027 583 3111 Salisburgensi
614 3048 754 3091 cursum
786 3029 1025 3111 theologicum

195 3151 348 3214 confecit
370 3160 406 3213 et
422 3174 452 3229 4.
470 3150 549 3215 Oct.
572 3171 651 3230 1744
672 3151 846 3233 primitias
868 3152 1025 3215 celebra-

193 3274 256 3338 vit.
272 3273 355 3337 Una
367 3294 537 3337 annorum
551 3275 687 3336 decade
699 3274 734 3336 in
747 3274 930 3337 academia
943 3273 1025 3337 Cre-

194 3396 382 3459 mifanensi
402 3396 680 3478 grammaticam,
703 3396 891 3478 poeticam,
912 3396 1025 3477 philo·

194 3518 367 3602 sophiam,
384 3518 600 3600 theologiam
618 3517 747 3599 docuit,
763 3529 890 3599 postea
907 3538 1025 3581 mona-

194 3640 292 3703 sterii
308 3640 405 3721 prior
422 3649 458 3702 et
473 3641 651 3720 parochus
673 3639 903 3713 domesticus;
926 3640 1025 3702 abdi-

193 3773 276 3825 cato
298 3766 378 3841 1788
399 3761 557 3841 prioratu
579 3783 603 3823 1.
621 3761 710 3823 Nov.
732 3760 915 3842 professus
937 3762 1025 3825 iubi-

194 3884 308 3958 laeus;
323 3883 449 3946 iterum
460 3883 652 3965 apoplexia
665 3892 781 3946 tactus
792 3885 880 3948 obiit
890 3890 940 3948 28.
950 3886 1025 3949 Iun.

200 4026 290 4084 1792.

283 4126 458 4188 Exaravit
473 4126 615 4188 librum:

283 4253 373 4308 Ratio
397 4251 634 4325 praelectionum
659 4251 898 4326 theologicarum
920 4273 1028 4311 secun-

197 4356 267 4413 dum
285 4374 419 4411 normam
438 4356 551 4412 decreti
569 4355 721 4421 Caesarei,
744 4376 815 4432 pars
838 4360 932 4433 prior.
958 4356 1028 4434 Sty-

198 4480 260 4528 rae,
279 4474 369 4533 1754.
387 4467 430 4532 40.
450 4458 507 4516 166
521 4477 565 4535 p.;
583 4479 655 4535 pars
668 4464 821 4536 posterior
834 4461 872 4518 de
886 4462 1027 4519 methodo

197 4565 380 4640 theologiae.
398 4563 516 4639 Styrae,
539 4578 628 4636 1755.
646 4571 687 4636 4⁰.
711 4563 769 4622 160
786 4585 814 4641 p.

284 4684 477 4746 Praeterea
503 4683 578 4746 eius
603 4703 784 4746 sermones
808 4685 1027 4768 panegyrici,

198 4807 234 4870 in
265 4806 461 4868 millenario
493 4806 768 4887 Lunaelacensi,
800 4807 835 4869 in
867 4808 1028 4890 exequiis

198 4929 301 4992 Pauli
313 4929 449 5009 Meyer,
466 4929 607 4991 abbatis
621 4927 836 5012 Garstensis,
854 4931 889 4993 in
901 4933 1029 4994 acade·
1075 4927 1078 4932 ’

198 5051 289 5113 mica
309 5050 558 5132 parentatione
579 5051 778 5113 Alexandri
799 5051 861 5115 III.
885 5054 1028 5116 abbatis

199 5173 296 5253 typis
313 5173 450 5256 vulgati
467 5184 559 5236 sunt.
577 5210 619 5219 —
635 5173 786 5255 Insuper
801 5194 866 5256 per
882 5175 1029 5257 triginta

200 5272 311 5355 annos
335 5296 488 5358 confecit
515 5296 761 5359 defunctorum
784 5297 931 5360 fratrum
956 5299 1029 5378 epi-

200 5413 311 5475 stolas
327 5418 509 5500 rotulares,
526 5419 572 5480 ad
588 5419 841 5482 confoederata
853 5430 1029 5483 monaste-

1100 657 1152 719 ria
1167 656 1305 739 missas,
1322 677 1414 738 quae
1430 658 1585 720 maxime
1602 655 1732 741 Styrae
1752 656 1855 740 typis
1878 677 1937 720 ex·

1101 797 1208 840 cusae
1216 787 1273 841 sat
1283 780 1438 861 amplum
1448 780 1612 842 volumen
1622 777 1826 843 conficiunt.
1835 778 1935 862 (Con-

1101 899 1171 962 fer:
1188 902 1264 963 Das
1281 901 1442 983 gelehrte
1459 901 1696 983 Oesterreich,
1713 910 1737 965 t.
1760 923 1787 984 1,
1804 921 1840 982 p.
1860 923 1933 980 214;

1101 1022 1186 1085 item
1193 1022 1233 1084 P.
1243 1022 1417 1104 Rudolph
1426 1021 1567 1105 Graser,
1575 1022 1819 1107 vollsti‘tndige
1830 1024 1934 1086 Lehr-

1102 1152 1158 1208 art
1174 1164 1216 1206 zu
1231 1144 1415 1227 predigen,
1436 1165 1471 1227 p.
1489 1146 1574 1226 216.)
1599 1146 1665 1209 His
1688 1146 1860 1209 addenda
1883 1156 1934 1208 est

1106 1265 1181 1329 eius
1198 1266 1326 1330 oratio:

1190 1390 1330 1449 Sitth'che
1346 1390 1491 1449 Lobrede
1508 1393 1560 1449 auf
1574 1393 1628 1450 das
1644 1395 1718 1451 Fest
1732 1394 1790 1451 des
1806 1394 1933 1469 heiligen

1103 1497 1319 1572 seraphischen
1342 1497 1453 1554 Vaters
1475 1498 1641 1555 Francisci.
1672 1495 1702 1575 (i.
1727 1517 1755 1555 e.
1784 1499 1933 1557 Laudatio

1103 1600 1254 1677 seraphici
1264 1603 1360 1678 patris
1369 1600 1545 1681 Francisci.)
1554 1600 1655 1678 Steyr‚
1663 1603 1835 1660 Menhardt.
1846 1617 1881 1677 17
1884 1602 1932 1678 56.

1104 1711 1146 1778 4⁰·
1164 1719 1206 1777 30
1222 1724 1251 1781 Ρ·

1190 1823 1383 1886 Praeterea
1398 1825 1486 1886 haec
1502 1826 1572 1887 duo
1585 1826 1747 1888 dramata
1759 1825 1861 1908 typis
1878 1846 1934 1889 ex-

1103 1946 1186 2008 cudi
1202 1945 1301 2009 fecit:

1190 2073 1213 2128 Ι.
1241 2071 1346 2128 Ardua
1367 2072 1405 2128 ad
1428 2072 1545 2129 coelum
1570 2075 1618 2129 via
1645 2092 1700 2130 seu
1725 2072 1935 2150 Sigismundus

1104 2195 1157 2234 rex
1174 2176 1365 2251 Burgundiae
1382 2195 1419 2232 ex
1432 2176 1582 2254 parricida
1595 2191 1716 2254 martyr.
1732 2178 1849 2236 Addito
1863 2180 1936 2237 Ger·

1104 2282 1221 2337 manico
1238 2293 1330 2337 textu.
1354 2280 1475 2356 Styrae,
1492 2281 1660 2339 Menhardt.
1685 2296 1778 2356 1751.
1804 2291 1847 2357 4⁰.
1874 2286 1934 2360 op.

1192 2385 1229 2442 II.
1239 2384 1411 2442 Alexander
1424 2404 1504 2462 papa
1516 2399 1628 2461 martyr
1641 2405 1751 2461 magno
1763 2386 1935 2445 Alexandro

1106 2491 1209 2546 maior.
1234 2489 1363 2547 Adiecto
1388 2503 1470 2546 textu
1495 2490 1689 2548 Germanico·
1718 2490 1827 2568 Steyr‚
1855 2495 1935 2550 Men·

1105 2593 1202 2650 hardt.
1224 2608 1314 2667 1754.
1331 2601 1374 2668 4⁰.
1392 2594 1409 2652 8
1427 2615 1457 2671 p.
1827 2556 1856 2609 ι

1192 2711 1343 2793 Insuper
1358 2712 1455 2795 typis
1471 2711 1611 2793 inprimi
1628 2713 1728 2776 fecit:

1193 2838 1215 2893 I.
1242 2838 1413 2894 Positiones
1435 2857 1471 2894 ex
1493 2838 1719 2914 prolegomenis
1736 2853 1767 2896 et
1784 2844 1935 2919 principiis

1105 2944 1265 2998 universae
1296 2943 1469 3016 theologiae
1500 2943 1537 2999 de
1568 2946 1773 3019 poenitentia,
1806 2961 1935 3004 extrema

1106 3048 1257 3114 unctione,
1278 3046 1394 3115 ordine,
1416 3050 1615 3117 matrimoni0‚
1641 3049 1798 3125 theologia
1821 3064 1934 3128 patrum

1106 3164 1136 3207 et
1149 3151 1297 3227 polemica
1310 3165 1368 3208 etc.
1382 3151 1523 3228 praeside
1538 3153 1570 3209 P.
1585 3153 1763 3228 Raymundo
1778 3155 1854 3230 loly.
1871 3153 1935 3231 Sty·

1106 3274 1168 3322 rae,
1185 3255 1354 3312 Menhardt.
1376 3254 1466 3329 1758.
1484 3262 1526 3328 4⁰.
1549 3255 1586 3312 16
1602 3278 1632 3334 p.

1193 3361 1229 3416 Il.
1244 3361 1414 3416 Positiones
1427 3378 1464 3415 ex
1476 3361 1630 3436 theologia
1642 3382 1666 3418 s.
1679 3376 1800 3438 patrum
1813 3378 1845 3421 et
1856 3366 1935 3422 theo·

1106 3464 1188 3539 logia
1209 3463 1358 3539 polemica
1378 3478 1435 3521 etc.
1457 3465 1598 3540 praeside
1619 3467 1651 3522 P.
1669 3466 1849 3541 Raymundo
1865 3469 1934 3545 loly.

1107 3567 1227 3645 Styrae,
1243 3567 1411 3624 Menhardt.
1434 3567 1524 3642 1760.
1542 3576 1585 3641 4⁰.
1603 3569 1621 3627 8
1638 3590 1668 3647 p.

1194 3699 1466 3773 lodeobias
1482 3709 1665 3773 Michael
1682 3712 1785 3794 (des.
1799 3713 1935 3778 Monte

1106 3827 1375 3911 Pannoniae),
1397 3848 1424 3890 s.
1441 3830 1643 3911 theologiae
1661 3832 1787 3894 doctor
1803 3834 1935 3915 colleg,

1107 3949 1362 4013 Kis-Martonii
1376 3971 1463 4015 com.
1474 3949 1623 4033 Sopron.
1637 3951 1672 4013 in
1681 3952 1873 4036 Hungaria
1884 3954 1936 4017 die

1110 4077 1160 4136 25.
1179 4071 1278 4154 Sept.
1301 4079 1379 4136 1813
1397 4082 1512 4156 natuS,
1529 4095 1555 4138 s.
1573 4075 1697 4138 habitu
1715 4075 1774 4138 die
1790 4081 1843 4140 31.
1861 4076 1936 4141 Oct

1112 4200 1189 4259 1831
1217 4196 1372 4278 indutus,
1395 4207 1480 4258 vota
1501 4198 1684 4260 sollemnia
1704 4198 1763 4261 die
1787 4220 1839 4278 24.
1855 4198 1939 4261 Maii

1113 4322 1193 4380 1836
1207 4318 1331 4381 emisit.
1354 4319 1540 4382 Absolutis
1552 4320 1589 4382 in
1601 4341 1628 4382 1.
1637 4331 1755 4384 monte
1769 4342 1798 4387 s.
1807 4323 1939 4386 theolo-

1108 4439 1190 4522 giae
1207 4440 1333 4502 studiis
1351 4440 1408 4503 die
1426 4461 1476 4502 20.
1493 4441 1556 4504 Iul.
1578 4447 1657 4521 1839
1679 4445 1873 4528 presbyter
1887 4465 1939 4509 or·

1110 4562 1251 4625 dinatus
1264 4580 1325 4626 est.
1339 4564 1446 4626 Anno
1461 4568 1626 4642 1839-42
1637 4564 1801 4628 Viennae
1813 4567 1939 4630 studiis

1108 4685 1265 4758 vacavit;
1283 4689 1449 4765 1841-43
1465 4685 1583 4749 officio
1597 4687 1938 4786 prpfessorisgymn.

1108 4807 1266 4889 Posonii,
1300 4813 1467 4887 1845—46
1496 4809 1646 4871 oratoris
1674 4829 1695 4871 a
1723 4809 1940 4925 1111111111-

1107 4930 1184 5012 rini,
1203 4934 1368 5010 1846-57
1380 4951 1465 4993 vero
1475 4931 1687 5012 professoris
1696 4931 1807 4994 studii
1818 4932 1941 4996 biblici

1110 5053 1293 5134 utriusque
1309 5053 1465 5115 foederis
1481 5054 1517 5116 in
1533 5074 1560 5116 s.
1577 5063 1696 5117 monte
1714 5065 1770 5119 est
1786 5054 1941 5137 functus,

1110 5194 1180 5255 quo
1203 5176 1342 5237 demum
1367 5196 1460 5238 anno
1484 5179 1631 5240 obtenta
1652 5177 1710 5239 die
1736 5179 1942 5243 111111111-

1109 5297 1276 5360 missione
1293 5298 1436 5359 maioris
1452 5297 1683 5379 perfectionis
1699 5318 1809 5361 causa
1824 5301 1873 5362 ad
1888 5320 1942 5363 or·

1110 5419 1228 5481 dinem
1236 5419 1504 5482 Carmelitarum
1518 5420 1814 5483 discalceatorum
1826 5431 1943 5486 trans·
