4252 6112
921 473 1201 541 ’344-

193 676 309 728 torum
333 660 598 745 philosophiae,
622 656 825 739 theologiae
852 674 895 717 ac
921 654 1022 717 iuris·
1060 657 1064 757 Ι
1103 675 1131 719 c.
1144 675 1170 717 r.
1184 675 1276 717 anno
1289 657 1527 737 praecedente
1544 655 1678 718 emisso
1696 656 1948 738 innitebatur),

1060 762 1064 813 Ι
1101 776 1275 840 beneficia
1291 790 1423 858 curata,
1448 788 1520 840 tam
1536 778 1822 861 Raigradiense
1849 798 1948 859 quam

194 786 404 869 prudentiae
421 782 617 846 studiorum
638 799 746 843 causa
766 776 909 856 missus,
930 775 1022 837 inter

194 909 327 989 primos
343 907 393 970 sic
411 903 589 983 excelluit,
606 914 646 964 ut
658 900 838 983 ingenium
851 900 897 960 ad
910 897 1022 959 scien·
1100 898 1382 962 Domasoviense
1396 910 1432 961 et
1445 897 1755 963 Ostrovacicense
1775 900 1949 985 (Nigrof.),

194 1028 419 1113 tiasegregie
430 1034 673 1108 comparatum
685 1022 790 1084 facile
802 1018 1022 1084 adverterint
1059 1068 1063 1125 Ι
1101 1020 1316 1083 monasterio
1333 1021 1368 1082 in
1385 1032 1598 1102 perpetuum
1615 1021 1719 1084 unita
1737 1031 1843 1085 sunt.
1864 1023 1949 1086 Turn

194 1152 300 1235 periti
323 1169 438 1213 rerum
462 1146 718 1210 aestimatores.
750 1141 1022 1207 Sublimioribus
1059 1138 1062 1215 Ι
1101 1141 1208 1204 variis
1226 1142 1472 1204 cumulabatur
1485 1152 1607 1205 noster
1618 1144 1869 1225 praepositus
1885 1145 1949 1228 pri·

194 1276 249 1339 his
271 1273 424 1336 emensis
445 1269 572 1333 studiis
592 1268 675 1330 Kal.
693 1264 905 1330 Novembris
928 1282 1021 1325 anno
1100 1263 1241 1347 vilegiis
1262 1284 1284 1325 a
1304 1265 1390 1326 sede
1412 1265 1620 1345 apostolica.
1646 1264 1709 1329 Sic
1733 1265 1949 1349 impetravit

200 1403 278 1477 1735
296 1404 483 1476 neomysta
499 1393 545 1453 ad
561 1410 658 1452 aram
675 1388 784 1470 stetit,
806 1396 842 1450 et
858 1404 950 1449 anno
967 1404 1021 1447 se·
1100 1406 1121 1447 a
1144 1386 1340 1448 Benedicto
1368 1385 1453 1450 XII.
1481 1386 1727 1469 indulgentias
1762 1390 1948 1470 plenarias

196 1518 319 1602 quenti
331 1517 510 1578 Braunam
522 1522 671 1575 vocatus
687 1510 828 1572 scholas
839 1506 1021 1570 humanio·
1100 1508 1209 1570 semel
1218 1509 1262 1570 de
1272 1527 1392 1570 mense
1403 1527 1510 1588 super
1520 1527 1625 1571 cruce
1636 1511 1832 1590 pectorali
1848 1511 1947 1595 (orig.

194 1661 252 1704 res
267 1639 317 1702 ibi
329 1639 471 1701 tradere
488 1646 541 1698 est
555 1636 681 1716 iussus,
699 1633 759 1694 ubi
772 1643 878 1695 antea
891 1651 937 1695 ex
951 1650 1022 1692 am·
1101 1632 1245 1692 membr.
1262 1632 1328 1691 sub
1346 1629 1387 1692 O.
1404 1651 1438 1712 g.
1456 1651 1495 1708 42
1515 1631 1632 1711 arch),
1649 1650 1719 1711 pro
1740 1651 1787 1695 se
1806 1634 1950 1715 suisque

194 1765 287 1826 bone
304 1782 368 1844 per
383 1769 463 1823 octo
480 1777 591 1820 annos
611 1758 657 1819 ad
678 1755 848 1837 populum
869 1753 1021 1814 dicebat.
1060 1724 1064 1879 Ι
1101 1751 1367 1814 successoribus
1399 1751 1434 1814 in
1465 1763 1697 1834 perpetuum,
1735 1756 1791 1816 ab
1828 1758 1951 1819 eodem

195 1884 274 1966 Quo
291 1885 327 1946 in
343 1881 473 1945 scholis
494 1889 675 1961 pertracto
696 1896 788 1938 anno
812 1875 918 1956 paulo
940 1885 1023 1955 post
1061 1926 1064 1961 Ι
1102 1894 1197 1956 papa
1213 1874 1333 1955 (breve
1349 1875 1394 1936 de
1411 1874 1469 1936 die
1486 1896 1536 1953 29.
1549 1875 1653 1938 Mart.
1673 1876 1766 1939 anni
1788 1882 1890 1961 1757)
1906 1878 1951 1942 fa·
1978 1954 1983 1963 .

195 2009 241 2069 ob
267 2024 417 2069 examen
440 2002 569 2065 missus
595 2003 641 2063 ad
662 1997 912 2062 monasterium
929 1994 1023 2057 Poli·
1102 1998 1269 2058 cultatem
1296 1996 1532 2059 benedicendi
1556 1998 1600 2059 de
1624 1996 1783 2061 licentia
1812 2002 1953 2064 ordina·

196 2147 316 2208 cense,
340 2126 401 2189 ubi
427 2124 657 2187 concionibus
680 2119 831 2184 vacandi
855 2117 1023 2181 sodalita·
1101 2117 1231 2180 riorum
1240 2137 1327 2180 vasa
1338 2137 1448 2198 sacra,
1457 2138 1649 2199 campanas
1666 2132 1705 2182 et
1717 2135 1954 2202 paramenta,

195 2261 338 2332 temque
353 2248 479 2310 Matris
491 2246 688 2309 Dolorosae
704 2241 911 2305 moderandi
926 2260 1023 2302 man·
1102 2277 1144 2284 —
1161 2240 1267 2301 etiam
1284 2239 1444 2301 adhibito
1462 2260 1563 2302 sacro
1580 2241 1659 2303 oleo
1678 2251 1718 2303 et
1736 2245 1952 2323 chrismate,

196 2374 317 2435 datum
333 2369 482 2450 accepit.
508 2366 580 2432 Sed
592 2385 658 2428 nec
670 2365 727 2426 hic
740 2363 800 2426 diu
814 2379 1022 2444 permanere
1061 2434 1064 2453 Ι
1103 2363 1207 2424 111οά0
1234 2362 1301 2424 hoc
1325 2361 1425 2443 prius
1451 2382 1516 2443 per
1542 2363 1700 2444 aliquem
1726 2370 1955 2432 catholicum

197 2493 322 2576 potuit.
358 2492 518 2554 Labente
545 2489 637 2551 enim
664 2507 756 2549 anno
788 2490 865 2564 1737
895 2485 1022 2546 iterum
1060 2464 1064 2577 Ι
1102 2484 1298 2546 antistitem
1315 2484 1514 2547 confectum
1528 2485 1633 2548 fuerit
1651 2487 1763 2570 (orig.
1781 2493 1859 2553 sub
1873 2491 1954 2575 O.g.

197 2617 376 2678 Braunam
400 2624 579 2691 evocatuS,
603 2608 848 2692 philosophiae
872 2605 1022 2686 primum
1061 2590 1064 2689 Ι
1102 2607 1596 2687 40);-necnonfacultatem
1608 2611 1826 2689 (perbreve
1840 2625 1954 2696 apost

197 2758 334 2801 summa
354 2757 433 2799 cum
449 2735 553 2797 laude
570 2732 806 2815 professorem
824 2730 913 2812 egit,
938 2729 1023 2790 Bre-
1060 2732 1064 2801 ζ
1103 2731 1173 2792 dt0.
1187 2729 1390 2808 Romaezy.
1406 2728 1504 2811 Sept.
1519 2730 1679 2792 eiusdem
1696 2736 1807 2811 anni)
1827 2737 1954 2821 imper·

197 2860 318 2923 vnovii
330 2856 545 2939 theologiam
559 2853 819 2917 deindedocuit
832 2862 867 2914 et
879 2852 1023 2914 tandem
1101 2851 1212 2914 tiendi
1246 2851 1486 2934 indulgentias
1518 2873 1560 2931 40
1588 2853 1729 2917 dierum
1769 2861 1952 2939 omnibus,

197 2983 328 3045 ibidem
345 2979 550 3061 subprioriS,
573 2975 762 3039 archivarii
783 2984 819 3036 et
834 2972 1023 3036 bibliothe·
1102 2974 1172 3055 qui,
1188 2974 1370 3055 praestitis
1386 2975 1621 3057 praestandis,
1638 2977 1782 3042 missae
1803 2981 1946 3063 pontifi·

198 3104 292 3186 carii,
309 3103 418 3167 totius
431 3097 719 3183 congregationis
731 3094 1022 3158 Moravico-Boe·
1060 3070 1063 3177 Ι
1102 3096 1169 3160 cali
1185 3097 1369 3158 intersunt.
1394 3096 1549 3178 Speciali
1570 3098 1689 3180 gratia
1711 3100 1870 3168 Rornae
1892 3107 1948 3168 im·

197 3228 308 3289 micae
324 3245 355 3287 0.
369 3246 395 3288 s,
409 3224 449 3287 B.
467 3221 657 3301 secretarii,
674 3230 710 3282 et
725 3218 877 3282 finaliter
895 3237 1022 3301 ,agen·
1061 3200 1064 3313 Ι
1102 3227 1280 3300 petrarum
1297 3238 1426 3300 corpus
1443 3218 1477 3281 S.
1495 3219 1543 3281 M.
1560 3219 1829 3307 Defendentis,
1857 3228 1946 3308 quod

196 3348 243 3411 tis
259 3366 444 3409 causarum
460 3342 612 3406 ordinisa
636 3360 779 3403 munere
795 3340 956 3401 Viennae
972 3339 1023 3400 in·
1102 3340 1222 3402 Bruna
1253 3339 1489 3422 Raigradium
1525 3345 1746 3422 apportabat
1782 3346 1827 3409 P.
1860 3349 1945 3411 Her·

197 3470 300 3534 simul
316 3467 475 3530 decorari
490 3466 627 3544 meruit,
652 3484 721 3545 quo
746 3463 781 3526 in
803 3462 920 3525 officio
937 3482 1022 3543 qua·
1061 3418 1064 3551 Ι
1102 3483 1251 3524 mannus
1282 3463 1477 3526 Schneider
1508 3463 1596 3544 prof.
1626 3464 1818 3534 Bievnov.
1851 3473 1943 3552 prior

1061 3554 1064 3593 1

197 3610 273 3654 tuor
288 3591 399 3654 ferme
416 3589 517 3651 annis
530 3589 691 3649 Viennae
704 3586 870 3668 perstitit.
895 3583 970 3648 Sub
987 3585 1022 3647 id
1061 3646 1063 3659 ,
1101 3585 1286 3668 Raigrad,
1304 3586 1518 3648 sollemniter
1534 3586 1569 3648 in
1582 3587 1687 3649 altari
1701 3608 1728 3651 s,
1743 3589 1936 3655 Benedicti

196 3712 366 3794 temporis
383 3711 542 3793 contigit,
560 3722 598 3772 ut
614 3719 759 3771 vacaret
775 3707 1022 3789 praepositura
1061 3668 1063 3761 Ι
1102 3710 1296 3771 collocatur
1320 3709 1366 3790 (in
1390 3708 1483 3770 festo
1507 3729 1533 3771 s.
1555 3728 1581 3771 s.
1600 3709 1794 3775 Trinitatis
1817 3719 1848 3779 5.
1866 3716 1936 3778 11111.

195 3834 479 3917 Raigradiensis'.
504 3833 599 3912 Ide0,
622 3844 659 3894 ut
676 3830 792 3911 moris,
815 3850 835 3892 a
858 3849 1022 3910 suprema
1061 3856 1063 3903 ;
1102 3830 1184 3893 anni
1205 3833 1296 3909 1757)
1321 3841 1358 3892 et
1380 3850 1472 3892 anno
1495 3835 1577 3910 1759
1595 3850 1726 3912 corpus
1742 3853 1772 3897 S.
1793 3835 1824 3898 F
1828 3837 1936 3899 elicis·

196 3959 276 4019 aula
293 3956 399 4018 alium
416 3954 572 4037 eligendi
588 3954 831 4035 praepositum
851 3952 944 4015 illico
961 3971 1022 4033 pe·
1061 4012 1063 4019 ,
1102 3952 1178 4014 simi
1191 3952 1239 4014 M.
1253 3973 1359 4033 super
1376 3972 1472 4014 aram
1486 3973 1512 4016 s,
1527 3954 1781 4019 scholasticae.
1801 3956 1933 4021 Ornata

195 4080 281 4141 titur
296 4079 449 4157 lieentia,
471 4097 540 4158 qua
557 4078 715 4157 obtenta,
736 4076 864 4156 dieque
881 4075 1022 4137 electio·
1060 4052 1064 4171 Ι
1102 4075 1152 4138 sic
1181 4077 1349 4137 decenter
1375 4074 1526 4136 ecclesia
1555 4075 1661 4138 etiam
1689 4077 1762 4139 alia
1793 4079 1933 4162 negotia

194 4201 248 4263 nis
265 4200 407 4280 indicta,
429 4198 678 4280 praesentibus
695 4197 803 4279 regiis
820 4197 1022 4259 commissa·
1061 4224 1063 4231 ·
1102 4217 1171 4259 non
1195 4197 1311 4258 omisit
1333 4197 1559 4277 praepositus
1580 4197 1852 4264 Bonaventura.
1878 4201 1931 4265 Sic

195 4323 255 4385 riis
272 4321 427 4383 unanimi
448 4320 595 4382 fratrum
618 4319 753 4381 calculo
770 4320 1021 4381 Bonaventura
1061 4316 1063 4367 ἶ
1102 4339 1193 4381 anno
1215 4322 1295 4397 1700
1311 4329 1456 4398 pontem
1472 4319 1652 4401 lapideum
1674 4339 1786 4402 super
1806 4321 1930 4385 flumen

193 4445 229 4508 in
257 4443 447 4507 Aemiliani
478 4442 674 4524 praepositi
705 4441 875 4524 resignati
907 4441 1020 4503 locum
1060 4418 1063 4507 Ι
1102 4426 1293 4521 Svarcava,
1310 4461 1422 4522 usque
1436 4442 1471 4503 in
1483 4441 1692 4504 hodiernum
1705 4442 1882 4507 intactum
1898 4453 1929 4506 et

194 4567 363 4631 suffectus
381 4571 443 4647 (25.
461 4566 577 4644 Mart.)
592 4576 628 4627 et
645 4585 691 4627 1o.
705 4565 800 4646 Aug.
818 4564 853 4626 in
870 4564 1021 4626 ecclesia
1060 4584 1063 4671 3
1100 4563 1251 4643 firmum,
1276 4563 1491 4633 construxit:
1519 4564 1603 4625 villa
1631 4574 1754 4626 nostra
1780 4566 1928 4649 Raigra·

194 4689 354 4753 decanali
366 4688 735 4773 Vyskovien.acard.
750 4707 804 4769 ep.
816 4686 1021 4752 Olomucen.
1059 4676 1062 4769 Ι
1102 4686 1234 4748 diensis
1255 4686 1428 4748 ecclesiae
1450 4687 1617 4767 opposita
1643 4707 1664 4747 a
1688 4687 1928 4752 fundamentis

194 4813 330 4897 Troyer
342 4811 569 4874 abbatialiter
580 4810 791 4873 benedictus
804 4819 839 4872 et
852 4809 1021 4872 infulatus
1059 4774 1062 4901 Ι
1100 4806 1280 4871 aedificari
1304 4820 1432 4889 coepta
1456 4810 1501 4870 ad
1525 4808 1707 4891 fastigium
1733 4812 1928 4889 deducitur,

193 4948 258 4999 est.
287 4933 388 5015 Quae
412 4933 447 4996 in
468 4933 672 4995 monasterii
696 4932 807 4995 nostri
832 4931 1020 4995 utilitatem
1058 4910 1061 5019 Ι
1100 4931 1206 4994 turris
1223 4931 1397 4993 ecclesiae
1414 4951 1505 4995 mon.
1524 4930 1667 4993 sinistra
1683 4931 1865 5015 inclinata,
1887 4953 1928 4996 ne

193 5057 353 5139 perfecit,
367 5055 627 5138 praemittenda
640 5064 816 5136 putamus,
830 5064 1020 5135 antequam
1058 5024 1061 5117 Ι
1100 5054 1232 5116 maiora
1246 5068 1389 5134 pararet
1402 5056 1540 5134 damna,
1554 5065 1740 5133 reparatur
1753 5065 1790 5117 et
1805 5077 1835 5135 9.
1847 5055 1928 5119 Maii

193 5199 303 5260 opera
331 5179 406 5241 eius
433 5176 605 5240 litteraria
631 5176 745 5239 fusius
772 5196 836 5257 per
861 5176 1019 5238 ordinem
1099 5196 1212 5239 novus
1229 5177 1419 5257 imponitur
1432 5177 1556 5256 nodus,
1574 5175 1629 5238 cui
1645 5175 1789 5239 libellus
1803 5198 1929 5241 memo·

194 5300 428 5362 describenda
440 5299 677 5382 aggredimur.
698 5299 804 5360 Anno
822 5302 901 5377 1756
917 5297 953 5361 vi
965 5317 1019 5360 re·
1098 5299 1194 5361 rialis
1222 5299 1420 5361 includitur.
1457 5297 1587 5379 Sicque
1620 5300 1747 5361 domus
1773 5301 1845 5364 Dei
1871 5302 1931 5364 ho-

194 5421 317 5502 scripti
334 5441 362 5484 c.
378 5441 404 5483 r.
427 5424 471 5482 de
488 5421 545 5483 die
568 5425 618 5484 25.
634 5421 723 5500 Apr.
747 5400 854 5502 (quod
874 5422 1018 5482 decreto
1057 5438 1060 5501 Ι
1098 5421 1173 5483 nori
1190 5422 1479 5502 perabundanter
1495 5418 1675 5502 provisum
1695 5419 1845 5505 fuisset,
1868 5422 1931 5487 nisi
