4252 6112
921 446 1205 518 „372-

195 642 342 696 naturae
366 642 402 695 et
421 633 590 695 historiae
610 631 758 713 patriae,
783 652 848 696 nec
870 653 939 697 nou
963 653 1026 715 po·
1105 634 1271 714 precibus
1289 636 1465 700 continuis
1481 638 1709 704 desideravit
1730 640 1879 704 dimitti
1895 643 1960 704 Au·

193 755 635 838 mologico·oenologicae
662 755 840 819 sectionis,
879 755 947 837 Qui
973 757 1025 819 hi·
1104 759 1531 842 gustamVindelicorum,
1541 771 1577 825 et
1587 782 1705 843 quum
1718 763 1961 847 insuperepi·

194 877 339 940 storiam
348 876 450 939 huius
464 876 633 959 temporis
643 886 869 958 perspectam
880 879 1023 960 habent,
1104 898 1235 961 scopus
1246 881 1443 945 Linciensis
1456 882 1654 967 Gregorius
1668 885 1843 969 Ziegler,
1858 907 1962 969 quon·

193 980 258 1063 hos
282 1011 379 1063 certe
402 1019 473 1062 non
495 999 593 1080 latet,
617 999 720 1061 Pium
736 1000 815 1062 VII.
838 1020 916 1062 cum
938 1020 1024 1084 rege
1104 1003 1187 1063 dam
1200 1003 1447 1066 benedictinus
1456 1006 1740 1089 Wiblingensis,
1754 1011 1809 1072 de
1821 1011 1961 1073 restitu-

194 1121 785 1203 BavaricoMaximilianolosepho
795 1123 821 1185 I.
834 1142 927 1186 anno
944 1128 1022 1202 1817
1105 1123 1201 1186 tione
1218 1123 1351 1187 ordinis
1365 1127 1476 1189 nostri
1491 1127 1527 1190 in
1539 1128 1701 1193 Bavaria
1719 1151 1960 1216 summopere

196 1246 447 1308 concordatum
464 1245 584 1307 iniisse
601 1246 645 1307 ad
659 1264 733 1307 rem
747 1245 957 1308 catholicam
970 1245 1025 1308 his
1105 1245 1304 1309 delectatus
1310 1296 1319 1328 ,
1346 1248 1463 1310 missis
1489 1250 1536 1312 ad
1560 1252 1741 1315 abbatem
1771 1254 1960 1320 Victorem

195 1368 231 1430 in
244 1367 436 1430 ditionibus
450 1369 566 1429 denuo
580 1366 872 1429 constituendam.
889 1367 1025 1429 Partim
1104 1366 1243 1448 litteris,
1265 1369 1486 1433 solidissimis
1509 1375 1738 1455 argumentis
1766 1380 1824 1440 ad
1850 1381 1960 1442 subsi-

195 1478 318 1553 tenore
346 1489 550 1553 concordati
576 1489 693 1570 huiuS,
723 1488 853 1570 partim
881 1490 1025 1571 propria
1104 1487 1200 1550 dium
1217 1488 1402 1553 ferendum
1418 1504 1629 1573 provocaret
1649 1510 1908 1583 rogaretque,
1926 1518 1960 1565 ut

194 1612 426 1695 persuasione
442 1613 570 1674 ductus
586 1611 791 1673 Ludovicus
811 1631 885 1691 rex,
909 1611 1024 1674 Maxi·
1105 1608 1333 1693 Benedictus
1355 1633 1459 1694 quem
1481 1613 1542 1678 fini
1558 1616 1654 1679 dicto
1681 1619 1959 1688 habilissimum

193 1735 325 1798 miliani
350 1753 549 1814 successor,
577 1742 746 1814 quantam
771 1753 915 1816 operam
942 1752 1023 1796 con·
1103 1733 1365 1817 aestimaverat,
1392 1737 1637 1821 dimitteretur,
1664 1741 1726 1803 his
1752 1756 1887 1809 motus
1910 1770 1959 1812 ar·

192 1856 337 1920 tulerint
354 1856 498 1919 ordines
514 1856 672 1939 religiosi
685 1855 791 1918 saluti
806 1855 1023 1937 reipublicae
1103 1856 1299 1938 gumentis,
1331 1860 1443 1921 abbas
1475 1869 1595 1924 noster
1625 1865 1728 1928 votis
1759 1868 1958 1936 Benedicti

193 2122 254 2164 sae
270 2101 545 2183 promovendae,
562 2120 626 2163 nec
645 2120 715 2163 non
732 2119 837 2181 quam
854 2099 962 2162 dubia
978 2099 1024 2162 sit
1105 2098 1296 2162 Bavariam
1321 2102 1498 2185 discessit,
1526 2115 1565 2168 ut
1592 2106 1628 2168 in
1653 2112 1843 2188 praefata
1870 2137 1958 2180 nove

1104 2229 1225 2282 erecta
1248 2223 1394 2286 abbatia
1417 2245 1447 2288 o.
1469 2246 1496 2289 s.
1515 2226 1557 2290 B.
1585 2230 1632 2290 ad
1657 2250 1688 2292 S.
1718 2231 1957 2318 Stephanum

1105 2342 1293 2424 Augustae
1303 2345 1577 2431 Vindelicorum,
1590 2350 1646 2413 cui
1659 2353 1822 2435 lyceum
1838 2365 1957 2425 catho-

1102 2464 1208 2528 licum
1225 2468 1448 2531 commissum
1466 2481 1551 2553 erat,
1573 2476 1730 2539 rectoris
1753 2480 1886 2565 huiuS,
1908 2487 1956 2568 ly-

193 2223 308 2286 aliena
324 2222 454 2285 aetatis
470 2223 574 2284 huius
589 2221 746 2283 liberalis
763 2221 935 2302 educatio,
952 2240 1023 2302 qua

194 2345 346 2407 subinde
377 2345 494 2407 throni
527 2355 563 2407 et
593 2344 720 2407 altaria
750 2344 1023 2407 contremiscant

192 2465 400 2548 ruinamque
417 2467 601 2546 minentur,
624 2467 806 2533 consilium
823 2469 928 2549 cepit,
949 2487 1022 2529 mo-

642 2560 647 2573 ’
1103 2586 1157 2648 cei
1179 2597 1215 2650 et
1235 2589 1446 2668 professoris
1466 2594 1726 2677 philosophiae
1742 2621 1888 2668 munus
1903 2627 1955 2669 su-

1102 2708 1208 2790 biret,
1233 2711 1293 2773 ubi
1316 2723 1504 2794 praeterea
1528 2717 1672 2781 decreto
1699 2724 1817 2805 regio
1842 2731 1955 2793 schol-

193 2589 349 2650 nasteria
365 2590 499 2654 abolita
514 2591 550 2653 in
568 2611 679 2675 regno
696 2612 759 2655 suo
776 2593 1021 2657 resuscitandi.

193 2711 291 2774 Inter
317 2732 453 2795 omnes,
482 2724 658 2796 quotquot
684 2735 764 2778 sese
787 2715 1022 2799 insinuavere,

1102 2832 1209 2893 archa
1229 2833 1264 2894 in
1286 2836 1479 2916 superioris
1495 2839 1651 2901 Danubii
1671 2841 1823 2910 circulo
1848 2853 1955 2915 deno·

1102 2953 1254 3016 minatus
1270 2965 1334 3018 est.
1358 2957 1477 3021 Primo
1493 2980 1585 3023 anno
1601 2963 1838 3034 scholastico
1855 2972 1954 3038 finito

1102 3087 1261 3159 tempore
1274 3078 1440 3143 feriarum
1452 3084 1710 3147 autumnalium
1730 3094 1824 3154 1836
1840 3095 1955 3159 Bene-

1103 3199 1219 3262 dictus
1236 3202 1442 3284 peragravit
1457 3204 1669 3288 Helvetiam,
1692 3225 1855 3289 partem
1874 3216 1955 3280 Gal·

192 2835 401 2915 praesertim
426 2835 597 2917 Iesuitae,
626 2837 740 2900 ordini
763 2847 884 2901 nostro
907 2839 1023 2902 Bene-

116 3020 121 3027 ,
192 2956 325 3019 dictino
344 2958 533 3039 utpoteab
549 2959 771 3024 incunabulis
784 2960 858 3023 suis
869 2963 915 3023 ab
928 2962 1023 3025 omni

191 3077 309 3142 fallaci
320 3080 515 3144 intentione
534 3091 571 3144 et
584 3082 800 3163 sophismate
809 3084 935 3167 alieno,
945 3106 1022 3148 eru·

192 3202 325 3265 ditione
342 3211 378 3265 et
398 3203 580 3265 laboribus
601 3204 807 3285 apostolicis
820 3206 1023 3289 conspicue,

192 3325 323 3405 primas
340 3325 477 3390 detulit.
501 3325 760 3389 Deficientibus
780 3339 898 3390 autem
914 3331 1023 3393 bene·
1102 3320 1183 3402 liae,
1201 3323 1282 3384 dein
1298 3323 1446 3407 Italiam,
1463 3327 1560 3389 venit
1575 3327 1736 3394 Romam
1756 3346 1798 3398 et
1817 3341 1955 3404 saluta·

191 3446 332 3509 dictinis
360 3447 552 3529 Bavariae,
580 3450 626 3510 ad
654 3450 869 3512 monasteria
896 3451 1021 3533 aliena,
1101 3443 1153 3505 vit
1183 3445 1396 3507 incunabula
1427 3448 1558 3510 Ordinis
1589 3452 1703 3513 nostri
1733 3454 1773 3518 in
1807 3461 1954 3526 Monte·

191 3569 400 3648 praesertim
422 3570 627 3652 Austriaca,
652 3571 712 3633 ubi
736 3571 811 3634 fere
835 3572 952 3635 omnia
975 3575 1022 3636 ab
1102 3565 1260 3631 Cassino.
1301 3567 1469 3633 Similiter
1500 3583 1535 3635 et
1565 3576 1815 3653 sequentibus
1857 3584 1953 3648 feriis

190 3691 383 3754 abolitione
414 3692 604 3774 Iosephina
642 3692 776 3756 intacta
810 3714 1021 3776 remansere,
1101 3691 1307 3772 peragravit
1319 3690 1544 3756 Germaniam
1558 3706 1593 3756 et
1605 3694 1797 3778 Angliam.
1818 3704 1952 3768 Lassa-

190 3833 255 3895 pro
283 3815 442 3877 subsidio
470 3815 706 3878 convolatum.
744 3815 823 3878 Hac
850 3816 885 3878 in
913 3836 1021 3879 causa
1101 3820 1158 3874 tus
1182 3815 1326 3876 tandem
1350 3792 1482 3896 duplici
1507 3835 1613 3879 onere
1637 3819 1888 3898 professurae
1917 3838 1950 3903 et

192 3944 228 3997 et
252 3939 297 3998 ad
324 3938 493 3999 abbatem
518 3937 817 4020 Raigradiensem
839 3938 1021 4001 Victorem
1100 3945 1298 3999 rectoratus
1315 3957 1357 3998 ac
1374 3936 1524 4000 diversis
1545 3938 1679 4002 iniuriis
1704 3952 1744 4005 et
1765 3950 1949 4013 molestiis

193 4056 379 4121 Schlossar
391 4068 629 4141 pervenerunt
641 4060 781 4122 litterae
794 4059 936 4123 abbatis
948 4080 1020 4122 mo·
1099 4077 1244 4139 pressus
1265 4059 1335 4120 iam
1356 4066 1435 4138 1839
1453 4061 1565 4123 voluit
1581 4062 1789 4128 valedicere
1815 4082 1857 4133 et
1880 4092 1946 4154 qua

193 4181 338 4242 nasterii
360 4181 468 4244 erecti
485 4182 673 4264 Augustae
689 4182 955 4245 Vindelicorum
976 4183 1020 4244 de
1100 4180 1341 4243 missionarius
1355 4183 1390 4245 in
1400 4183 1600 4246 Americam
1613 4190 1944 4267 septentrionalem

193 4306 277 4366 dato
290 4309 337 4366 18.
345 4304 450 4367 Febr.
464 4308 544 4367 1835
559 4314 749 4367 exorantes
757 4304 1019 4387 humanissime,
1100 4302 1294 4365 discedere.
1323 4303 1501 4367 Dissuasit
1517 4307 1639 4387 abbas,
1664 4311 1859 4389 acquievit
1876 4316 1942 4378 Be·

191 4436 231 4489 ut
248 4445 335 4507 quos
352 4437 485 4507 posset,
510 4426 753 4489 subministret
773 4427 809 4488 in
825 4426 1020 4489 subsidium
1100 4426 1262 4489 nedictus
1290 4435 1326 4488 et
1353 4428 1481 4489 mansit
1507 4447 1620 4509 usque
1645 4429 1831 4496 adfinem
1857 4437 1939 4499 anni

192 4560 474 4630 temporaneum,
498 4548 593 4610 viros
618 4549 756 4628 doctos,
781 4547 859 4629 pios
883 4558 919 4610 et
941 4548 1020 4610 reli·
1100 4547 1303 4610 scholastici
1335 4555 1410 4627 1841
1441 4549 1629 4632 Augustae
1653 4551 1937 4637 Vindelicorum,

192 4673 313 4755 giosos
336 4671 541 4735 monasterii
565 4670 686 4734 nostri.
717 4671 852 4732 Eodem
879 4690 1019 4753 quoque
1099 4672 1193 4733 unde
1207 4671 1370 4753 deposito
1382 4692 1538 4754 munere,
1551 4675 1596 4736 ad
1608 4674 1763 4753 patriam
1776 4695 1936 4742 suam—

192 4803 314 4857 tenore
341 4795 519 4856 advenere
547 4794 687 4856 litterae
714 4813 779 4874 per
804 4791 1020 4875 praesidium
1098 4794 1194 4856 haud
1218 4794 1393 4876 ingratam
1420 4832 1462 4840 -—
1489 4795 1709 4876 properavit;
1738 4797 1934 4882 insignitus

193 1988 229 2043 et
245 1979 454 2061 praesertim
469 1977 664 2041 iuventutis
678 1977 867 2041 eruditioni
882 1976 1023 2059 religio·
1103 1995 1287 2039 assensum
1314 1981 1495 2063 praebuit,
1525 1983 1584 2063 qui
1609 2006 1638 2063 9.
1664 1984 1780 2070 Sept.
1817 1995 1958 2057 rassin

191 4915 355 4998 gubernii
384 4914 607 4979 notificantes
637 4916 829 4978 adsensum
852 4925 888 4977 et
912 4917 1020 4978 bene·
1100 4915 1222 4978 ordine
1239 4916 1433 4979 demeritis
1450 4917 1613 4979 civilibus
1625 4918 1727 5000 regni
1741 4919 1932 4985 Bavariae.

191 5037 362 5118 placitum
389 5057 474 5100 suae
502 5038 698 5101 maiestatis
726 5037 907 5101 Francisci
930 5037 956 5100 I.
984 5046 1020 5100 et
1099 5038 1286 5100 Desiderio
1300 5048 1403 5101 extra
1414 5038 1663 5101 monasterium
1676 5040 1799 5122 aliquo
1813 5043 1933 5107 officio

192 5161 304 5222 serius
336 5179 476 5241 quoque
508 5160 725 5223 Ferdinandi
751 5161 777 5222 I.
810 5160 846 5222 in
873 5160 1019 5223 ferendo
1058 5114 1061 5218 i
1100 5159 1168 5221 sibi
1185 5180 1341 5243 congruo
1358 5161 1577 5244 defungendi
1589 5162 1716 5223 ductus
1729 5166 1932 5246 supplicem

193 5280 287 5343 dicto
305 5281 490 5346 iuvamine.
513 5282 613 5345 Haec
631 5303 709 5345 curn
730 5292 931 5365 agerentur,
950 5283 1019 5345 Be·
1099 5283 1259 5364 porrexit
1274 5282 1431 5345 libellum
1447 5303 1512 5364 pro
1525 5282 1742 5364 acquirenda
1759 5289 1932 5352 cathedra

192 5401 354 5465 nedictus
383 5402 534 5465 Richter
566 5414 590 5466 t.
618 5414 642 5467 t.
669 5402 851 5484 professor
877 5404 1018 5467 Brunae
1098 5403 1279 5487 religionis
1295 5405 1331 5467 in
1345 5404 1647 5488 lyceoLinciensi,
1664 5426 1772 5487 quam
1788 5411 1932 5491 petitio·
