4222 6106
976 466 1232 528 -XX-

238 687 456 750 incrementa
479 697 628 769 accepta
651 687 809 751 referunt
825 692 858 768 ¹).
895 688 1010 769 Quam
1034 690 1069 752 in
1093 710 1166 752 rem
1192 709 1237 751 ex
1261 691 1380 753 multis
1404 689 1545 752 adferre
1569 689 1666 772 libet,
1692 702 1862 772 quantum
1880 693 1979 755 Iurik

237 829 430 889 monachus
453 828 714 910 Raigradensis
739 826 907 890 effecerit.
951 827 1015 891 Cui
1047 849 1125 891 cum
1156 848 1221 910 per
1252 828 1445 890 Henricum
1476 830 1643 891 abbatem
1672 829 1978 895 Bievnoviensem

238 964 275 1027 in
299 966 525 1028 solitudinem
549 967 722 1028 decedere
747 966 881 1046 liceret,
905 985 947 1028 eo
970 967 1060 1046 loco,
1085 986 1154 1047 quo
1178 986 1270 1028 nunc
1292 968 1375 1027 urbs
1391 985 1546 1047 amoena,
1565 966 1799 1048 Weisskirch,
1824 969 1893 1030 sita
1911 981 1976 1048 est,

240 1108 319 1182 1167
346 1104 485 1167 circiter
509 1104 633 1167 cellam
657 1103 869 1182 aedificavit,
895 1104 1004 1165 silvas
1028 1104 1171 1184 excidit,
1195 1104 1378 1186 regionem
1402 1104 1438 1166 in
1462 1123 1627 1166 arvorum
1650 1104 1799 1167 formam
1823 1107 1976 1189 redegit.

233 1242 301 1305 His
324 1244 419 1305 arvis
435 1243 635 1304 Fridericus
656 1243 728 1303 dux
746 1241 991 1305 Olomucensis
1013 1247 1092 1319 1109
1117 1243 1369 1304 monasterium
1385 1241 1637 1323 Raigradense
1653 1243 1810 1305 donavit.
1836 1243 1974 1307 Eodem

234 1379 352 1443 animo
376 1379 481 1442 etiam
506 1380 604 1441 multi
628 1379 687 1440 alii
711 1398 757 1440 ex
780 1378 1003 1441 monasteriis
1027 1379 1062 1441 in
1086 1381 1163 1441 loca
1188 1381 1332 1442 deserta
1355 1399 1394 1441 se
1419 1380 1643 1442 abdiderunt.
1689 1378 1864 1443 Omnibus
1889 1403 1975 1445 vero

236 1518 416 1600 praestitit
439 1516 688 1598 Brevnovium,
714 1517 814 1579 cuius
838 1518 951 1578 abbas
975 1519 1021 1579 ab
1045 1517 1178 1579 Ioanne
1203 1517 1286 1578 XV.
1315 1536 1452 1579 summo
1480 1517 1648 1600 pontifice
1672 1517 1836 1581 visitator
1865 1540 1974 1601 gene-

234 1657 317 1719 ralis
346 1666 381 1719 et
404 1667 599 1738 perpetuus
624 1654 937 1718 Benedictinorum
961 1655 1450 1718 Bohemico-Moraviensium
1474 1657 1684 1738 designatus
1713 1676 1793 1720 esse
1822 1679 1974 1722 comme·
2023 1723 2026 1728 ,

193 1772 197 1786 ’
233 1806 390 1857 moratur
405 1797 438 1876 ²).

363 1934 496 1996 Verum
514 1932 620 1994 etiam
636 1931 798 1993 monachi
815 1931 1101 1993 Btevnovienses
1118 1932 1210 1993 inter
1226 1950 1349 1993 omnes
1366 1930 1530 2013 diligenti
1547 1934 1798 1996 observatione
1814 1936 1973 2017 regulae,

234 2095 360 2138 severa
377 2073 575 2154 disciplina,
600 2072 725 2133 timore
742 2070 894 2151 Domini,
919 2071 1047 2152 dignos
1065 2090 1102 2132 se
1120 2073 1370 2152 praebuerunt,
1396 2069 1456 2151 qui
1472 2072 1539 2133 hac
1557 2070 1734 2153 dignitate
1751 2083 1973 2135 ornarentur.

232 2213 379 2275 Plurimi
404 2210 566 2292 episcopi
589 2210 793 2291 Pragenses
816 2208 949 2271 saeculi
973 2208 1040 2272 XI.
1065 2229 1110 2271 ex
1133 2210 1199 2271 hoc
1224 2209 1438 2271 monasterio
1469 2210 1578 2271 creati
1603 2221 1695 2292 sunt,
1728 2211 1828 2273 multi
1859 2214 1972 2274 sancti

234 2371 280 2413 ex
304 2371 346 2413 eo
369 2349 578 2431 prodierunt
592 2350 626 2429 ³).

362 2490 487 2552 Novus
511 2506 657 2568 campus
682 2486 816 2548 ordinis
839 2485 1034 2547 industriae
1059 2486 1202 2548 saeculo
1227 2485 1363 2547 decimo
1395 2486 1441 2546 ad
1471 2483 1577 2546 finem
1601 2495 1772 2568 vergente
1802 2487 1836 2548 in
1861 2488 1973 2549 vastis

233 2628 373 2709 imperii
389 2625 586 2708 Hungarici
610 2623 713 2687 terris
736 2634 882 2705 apertus
899 2635 963 2686 est.
995 2624 1157 2707 Hungari
1182 2625 1284 2704 enim,
1308 2644 1387 2686 cum
1411 2625 1547 2704 proelio
1572 2626 1617 2686 ad
1641 2625 1764 2687 Licum
1789 2629 1850 2703 955
1875 2626 1972 2689 facto

234 2788 341 2848 supra
365 2767 526 2829 Leitham
550 2764 672 2827 reiecti
697 2783 888 2844 eorumque
912 2763 1067 2845 impetus
1099 2764 1134 2825 in
1164 2783 1313 2845 regnum
1337 2762 1574 2844 Byzantinum
1598 2767 1659 2841 968
1685 2774 1721 2826 et
1746 2782 1805 2842 972
1837 2764 1971 2846 repulsi

234 2917 370 2987 essent,
402 2907 448 2966 ab
479 2903 738 2966 incursionibus
762 2901 974 2975 destiterunt
1000 2912 1035 2964 et
1059 2922 1137 2964 cum
1160 2901 1318 2964 finitimis
1341 2921 1469 2982 pacem
1493 2910 1529 2964 et
1553 2904 1779 2965 concordiam
1808 2902 1971 2967 inierunt.

233 3045 361 3107 Eorum
384 3063 470 3106 vero
493 3043 659 3123 princeps
684 3040 806 3122 Geysa
830 3041 978 3121 eiusque
1002 3060 1092 3102 uxor
1114 3041 1247 3102 Iarolta
1278 3042 1369 3103 bene
1402 3040 1669 3121 intellexerunt,
1699 3041 1892 3123 Hungaros
1917 3043 1970 3103 sui

234 3182 318 3244 iuris
342 3201 421 3244 esse
438 3201 508 3242 non
525 3199 641 3261 posse,
665 3178 732 3240 nisi
755 3179 927 3260 religione
945 3177 1145 3241 Christiana
1173 3179 1415 3241 imbuerentur
1435 3187 1544 3259 atque
1560 3178 1780 3240 humanitate
1798 3177 1972 3242 Occiden-

235 3321 357 3383 talium
381 3319 585 3401 polirentur.
625 3317 792 3398 Apostoli
816 3316 934 3398 igitur,
960 3315 1021 3397 qui
1043 3317 1236 3398 praecipue
1254 3336 1300 3378 ex
1317 3314 1510 3379 Germania
1534 3319 1789 3398 adventabant,
1814 3318 1970 3399 benigne

236 3459 515 3540 excipiebantur.

363 3597 414 3659 Ut
437 3597 472 3658 in
496 3593 687 3658 Germania
712 3605 747 3656 et
771 3593 943 3655 Bohemia
966 3593 1016 3655 ita
1040 3592 1076 3654 in
1099 3593 1286 3675 Hungaria
1309 3613 1450 3675 quoque
1473 3592 1536 3654 filii
1560 3614 1586 3656 s.
1608 3594 1795 3656 Benedicti
1818 3614 1888 3656 non
1913 3594 1973 3655 de-

232 3735 375 3797 fuerunt
398 3696 586 3816 evangelio
609 3732 861 3814 praedicando.
900 3733 973 3794 Iam
998 3752 1063 3813 per
1086 3752 1112 3794 s,
1137 3732 1435 3815 Wolfgangum4)
1458 3743 1504 3820 et
1533 3733 1641 3814 alios,
1672 3734 1731 3814 qui
1757 3754 1778 3794 a
1800 3732 1972 3814 Pilgrimo

232 3872 438 3935 Pataviensi
462 3872 497 3933 in
520 3871 742 3953 Hungariam
766 3871 863 3932 missi
887 3881 998 3951 erant,
1023 3870 1123 3933 multi
1148 3870 1277 3932 Christi
1302 3871 1500 3933 doctrinam
1525 3871 1683 3953 amplexi
1707 3873 1857 3951 arants).
1897 3871 1972 3932 Fir·

232 4010 336 4073 miter
358 4029 444 4071 vero
469 4009 663 4071 consistere
688 4019 724 4071 et
746 4011 818 4071 late
841 4008 951 4070 fluere
973 4008 1098 4091 religio
1115 4007 1315 4071 Christiana
1332 4009 1462 4090 coepit,
1479 4028 1558 4070 cum
1576 4008 1698 4092 Geysa
1715 4010 1862 4090 eiusque
1878 4007 1973 4071 filius

234 4148 384 4210 Vaikius
403 4148 629 4228 (Stephanus)
645 4169 707 4226 994
725 4167 864 4210 sacrum
880 4147 1059 4227 baptisma
1076 4147 1308 4227 susciperent.
1340 4148 1557 4228 Perpetuam
1574 4147 1628 4209 sui
1644 4148 1848 4209 memoriam
1866 4147 1972 4209 etiam

363 4381 385 4461 1)
409 4384 549 4459 Longum
572 4398 629 4450 est,
654 4396 729 4457 quot
752 4383 865 4459 oppida
881 4401 899 4438 a
915 4381 1117 4439 Benedictinis
1141 4383 1261 4439 condita
1278 4385 1345 4448 sint,
1371 4402 1556 4439 enumerare.
1589 4383 1718 4439 Adferre
1739 4383 1827 4439 liceat
1850 4396 1973 4459 praeter

233 4497 345 4573 oppida
370 4498 398 4550 in
423 4497 546 4552 circuitu
572 4498 822 4552 monasteriorum
846 4498 913 4558 sita.
939 4493 1060 4562 Schlan,
1085 4495 1239 4561 Teschlin‚
1256 4495 1383 4563 Weletz,
1401 4495 1591 4551 Weisskireh
1616 4494 1655 4570 (in
1671 4491 1829 4572 Moravia)‚
1848 4496 1972 4551 Hohen-

234 4608 310 4676 elbe,
336 4607 551 4682 Plrauenberg,
577 4607 729 4664 Kldsterle
753 4622 810 4663 etc.

363 4717 384 4798 2)
409 4719 495 4775 Hanc
519 4719 628 4776 bullam
653 4722 813 4793 genuinam
838 4738 906 4775 esse
930 4720 1097 4794 scriptores
1121 4734 1151 4774 et
1174 4732 1294 4776 veteres
1318 4733 1348 4775 et
1372 4733 1512 4776 recentes
1543 4738 1603 4776 non
1635 4722 1699 4775 sine
1729 4739 1822 4776 causa
1850 4733 1972 4793 negant,

236 4847 398 4908 utcumque
421 4830 669 4907 Ziegelbauerius
694 4850 804 4906 magna
828 4831 965 4889 doctrina
988 4851 1056 4888 eam
1080 4831 1243 4888 defendere
1267 4833 1377 4888 studet.

362 4944 385 5024 ³)
409 4946 500 5001 Frind
525 4945 543 5001 l.
567 4964 593 5001 c.
620 4946 657 5001 ll.

363 5055 385 5136 ⁴)
409 5056 441 5113 S.
459 5057 664 5131 Wolsgangus
688 5072 748 5130 972
776 5060 895 5114 circiter
919 5059 947 5113 in
971 5057 1128 5132 Hungaria
1152 5058 1333 5114 Crucifixum
1359 5057 1554 5132 praedicavit.

363 5167 386 5247 ⁵)
411 5170 568 5243 Pilgrimus
592 5172 621 5226 in
645 5170 751 5225 litteris
775 5169 812 5224 ad
829 5168 1022 5224 Benedictum
1039 5169 1103 5225 Vll.
1121 5170 1152 5224 P.
1169 5170 1209 5224 M.
1228 5169 1315 5236 datis,
1340 5188 1418 5243 quae
1435 5169 1472 5224 ad
1489 5185 1622 5227 nostram
1639 5184 1842 5246 pervenerunt
1858 5189 1972 5227 memo·

235 5285 320 5349 riam,
345 5283 477 5355 quinque
501 5282 581 5337 milia
605 5283 817 5356 Hungarorum
842 5300 896 5356 per
921 5281 1086 5336 monachos
1111 5294 1141 5336 et
1164 5280 1341 5336 sacerdotes
1365 5282 1536 5338 saeculares
1560 5283 1749 5339 Christianae
1774 5283 1912 5357 religioni
1938 5302 1971 5339 se

234 5395 386 5452 addixisse
410 5407 521 5450 narrat.
559 5396 633 5450 Num
658 5395 714 5450 hae
740 5395 857 5450 litterae
874 5395 1023 5467 genuinae
1045 5395 1113 5460 sint,
1132 5411 1167 5448 ex
1185 5393 1336 5449 Dtimleri:
1360 5393 1481 5467 Pilgrim
1498 5412 1557 5449 von
1574 5395 1687 5451 Passau
1710 5396 1841 5470 perspici
1859 5408 1972 5469 potest.
