4252 6112
920 458 1201 545 ..360-

278 661 390 736 Racz
424 674 620 736 Andreas
657 669 863 751 Iosephus
894 668 959 749 (de
990 685 1018 727 s.

191 793 324 857 Monte
337 791 588 872 Pannoniae),
599 786 771 853 Sabariae
782 783 1018 849 com.Castrif.

191 917 226 979 in
238 914 424 997 Hungaria
438 913 496 975 die
510 916 540 976 8.
552 912 616 973 Iul.
632 913 711 987 1845
729 918 844 990 natuS,
857 927 884 970 s.
895 906 1020 970 habitu

192 1038 249 1100 die
266 1041 294 1100 8.
313 1035 412 1117 Sept.
433 1039 512 1097 1803
530 1033 684 1113 indutus,
708 1030 766 1093 die
788 1050 838 1109 27.
854 1028 919 1092 Iul.
940 1031 1020 1106 1869

191 1170 277 1222 vota
285 1157 469 1221 sollemnia
478 1155 604 1218 emisit.
621 1152 808 1217 Absolutis
821 1151 855 1213 in
865 1170 892 1212 s.
903 1159 1022 1212 monte

193 1301 220 1344 s.
236 1279 438 1361 theologiae
462 1277 588 1341 studiis
613 1275 670 1338 die
694 1279 744 1336 26.
761 1273 825 1337 Iul.
846 1276 927 1351 1870
943 1291 1021 1353 pre-

193 1404 318 1485 sbyter
337 1401 519 1463 ordinatus
540 1407 604 1479 est,
626 1418 673 1460 ex
693 1416 763 1478 quo
783 1405 944 1475 tempore
958 1391 1021 1456 So·

192 1524 308 1606 pronii
334 1522 451 1585 officio
473 1519 684 1604 professoris
709 1538 829 1600 gymn.
853 1515 1020 1598 fungitur.

280 1643 444 1726 Scripsit:

280 1769 416 1828 Sabaria.
445 1765 482 1846 (A
507 1769 562 1823 mai
587 1767 762 1841 vasmegyei
786 1761 1021 1841 Szombathely.)

193 1873 508 1947 'l'drtenet-regdszeti
526 1871 706 1945 tanulmainy.
731 1866 760 1947 (i.
782 1888 808 1925 e.
830 1869 877 1924 De
900 1870 1022 1942 antiqua

194 1978 337 2046 Sabaria,
370 1980 397 2032 in
426 1979 568 2033 comitatu
597 1973 718 2031 Castris.
746 1969 825 2050 sita.)
855 1972 889 2027 In
916 1990 1021 2047 progr.

194 2103 295 2159 gymn.
311 2082 536 2158 Soproniensis
559 2078 685 2153 1873s4.
702 2098 732 2155 p.
751 2092 865 2135 2—21.
884 2076 927 2134 8⁰.

282 2193 436 2266 Radler
464 2203 653 2266 Iulianus
685 2198 1022 2285 (Lambacensis)‚

195 2324 231 2385 in
243 2341 270 2384 s.
283 2320 499 2402 baptismate
510 2320 730 2382 Adalbertus
739 2318 949 2381 Vincentius
961 2337 1024 2399 pa-

196 2444 355 2508 rentibus
373 2454 428 2505 sat
444 2442 602 2505 honestis
614 2442 796 2504 Briinnelii
813 2442 948 2524 (Dobra
963 2459 1024 2502 vo-

197 2567 255 2647 da)
273 2564 447 2627 dioecesis
463 2564 721 2626 Budovicensis
741 2563 776 2625 in
798 2563 946 2626 Bobmia
967 2562 1023 2625 die

198 2691 227 2752 6.
241 2687 330 2768 Apr.
346 2706 438 2750 anno
456 2690 536 2765 1768
553 2696 657 2749 natus
673 2685 800 2749 studiis
814 2684 1025 2748 humaniori-

197 2812 265 2872 bus
286 2817 322 2871 et
344 2807 555 2890 theologicis
575 2807 688 2870 Lincii
711 2808 883 2870 absolutis
906 2826 1025 2869 mona·

198 2930 343 2995 sterium
353 2928 852 3012 Lambacenseingressusdie
868 2934 915 2994 13.
925 2927 1025 3010 Sept.

198 3072 291 3115 anno
312 3056 403 3133 1795,
420 3051 514 3114 votis
530 3071 569 3114 se
585 3051 777 3116 obstrinxit
793 3052 850 3114 die
867 3072 914 3130 ¹4·
925 3050 1024 3133 Sept.

199 3297 358 3359 cerdotio
371 3305 426 3360 est
438 3296 681 3378 inauguratus.
704 3296 762 3357 Ad
775 3315 894 3357 curam
907 3304 1027 3376 pasto·
1066 3280 1069 3285 ⁵

200 3419 309 3480 ralem
332 3417 529 3481 destinatus
555 3438 619 3500 pro
639 3437 754 3480 rerum
778 3419 920 3480 modulo
943 3429 1026 3479 tunc

200 3539 332 3603 usitato
348 3560 413 3620 pro
429 3540 562 3602 auxilio
579 3540 757 3621 parochiis
772 3539 938 3621 Neustift,
960 3540 1027 3603 Lo·
1066 3506 1069 3635 1

200 3661 365 3743 senstein,
383 3660 559 3743 Sierning‚
576 3659 742 3725 Schiinau
760 3661 933 3724 dioecesis
946 3662 1027 3724 Lin-
1067 3672 1070 3725 Ι
1107 3699 1175 3755 ὺᾶῃ,
1193 3697 1366 3755 Bucsrinszk

1098 659 1189 717 Febr.
1203 659 1260 716 182
1265 672 1294 731 5,
1308 656 1504 715 Geburtsfest
1516 654 1729 730 Sr.Majesta'1t
1745 653 1808 709 des
1820 654 1949 711 Kaisera

1100 765 1194 832 Wels,
1212 765 1251 820 M.
1270 765 1362 820 Haas.
1379 762 1413 819 8⁰
1424 764 1492 818 min.
1513 759 1550 817 16
1567 780 1596 837 p.
1612 792 1662 802 —
1678 760 1775 815 Zwei
1791 758 1949 833 Predigten

1099 888 1137 925 an
1165 868 1218 924 der
1243 866 1495 943 Jubilriumsleier.
1524 865 1625 933 Wels‚
1652 865 1696 921 M.
1726 864 1836 920 HaaS.
1868 861 1949 920 1826.

1101 973 1135 1032 8⁰
1151 977 1219 1031 min.
1238 988 1275 1044 23
1295 992 1325 1049 p.

1188 1118 1404 1215 Ramdczy
1441 1132 1582 1211 (antea
1611 1128 1949 1211 Ramershofer)

1101 1249 1348 1313 Valerianus
1364 1248 1544 1310 Ioannes
1558 1249 1619 1330 (de
1634 1266 1664 1308 s.
1679 1247 1844 1310 Monte
1858 1247 1950 1311 Pan·

1102 1373 1276 1452 noniae),
1293 1369 1408 1433 Ginsii
1425 1390 1512 1433 com.
1530 1368 1675 1433 Castris.
1699 1369 1742 1432 in
1762 1370 1950 1454 Hungaria

1103 1495 1159 1557 die
1182 1514 1231 1573 27.
1249 1494 1337 1575 Apr.
1362 1497 1441 1571 1807
1464 1498 1579 1573 natus,
1603 1511 1630 1555 s.
1653 1492 1799 1556 habitu
1824 1493 1886 1556 die
1910 1498 1949 1556 15.

1103 1616 1182 1681 Oct.
1203 1620 1280 1678 1821
1305 1615 1464 1695 indutuS,
1488 1623 1573 1678 vota
1595 1614 1803 1678 sollemnia
1826 1616 1887 1679 die
1911 1620 1950 1679 15.

1103 1738 1183 1803 Oct.
1204 1743 1283 1800 1828
1308 1737 1424 1800 emisit
1450 1747 1485 1800 et
1508 1736 1686 1799 absolutis
1712 1736 1756 1799 in
1785 1758 1817 1802 S.
1841 1750 1951 1802 monte

1103 1884 1130 1926 s.
1142 1861 1346 1943 theologiae
1364 1858 1491 1922 studiis
1507 1858 1564 1920 die
1581 1878 1627 1938 17.
1642 1856 1760 1941 Sept.
1781 1865 1873 1925 1880
1883 1882 1952 1945 pre

1104 1988 1228 2068 sbyter
1244 1984 1427 2047 ordinatus
1444 1991 1509 2045 est.
1533 1983 1588 2044 Ex
1609 2003 1686 2064 quo
1703 1993 1889 2068 tempore
1903 2006 1953 2048 ra·

1103 2103 1954 2191 riismonasteriiofficiisutiprofessorisgymn

1103 2229 1232 2292 Poson.
1258 2231 1441 2307 1829-37,
1465 2225 1642 2307 Papensis
1673 2231 1880 2313 1837-38,
1902 2232 1956 2293 lin·

1103 2371 1197 2434 guae
1213 2362 1250 2413 et
1265 2350 1461 2413 litterarum
1474 2349 1593 2432 Hung.
1610 2349 1645 2411 in
1661 2352 1877 2416 academia
1889 2354 1958 2416 Iau-

1103 2474 1235 2537 rinensi
1265 2476 1446 2555 1838—50,
1475 2471 1678 2553 subprioris
1710 2473 1750 2536 in
1785 2496 1817 2539 s,
1847 2492 1959 2540 monte

1110 2600 1289 2678 1850-51,
1315 2595 1508 2676 superioris
1536 2604 1572 2656 et
1599 2595 1812 2659 directoris
1844 2619 1959 2682 gymn.

1105 2717 1303 2781 Ginsiensis
1332 2720 1514 2798 1851-55,
1537 2714 1814 2796 Soproniensis
1842 2725 1961 2784 1855-

1109 2846 1190 2919 1804
1211 2840 1365 2903 maxima
1390 2859 1469 2902 cum
1492 2840 1597 2900 laude
1616 2837 1781 2904 iunctus
1803 2855 1876 2926 est,
1899 2863 1961 2926 quo

1065 2970 1068 3113 Ι
1105 2983 1198 3025 anno
1221 2963 1278 3025 die
1305 2983 1354 3025 20.
1379 2962 1453 3025 Iun.
1482 2960 1540 3042 pie
1568 2960 1604 3021 in
1627 2960 1805 3026 Domino
1838 2969 1961 3029 obdor-

1065 3116 1068 3147 1
1106 3106 1176 3147 mlv
1208 3134 1215 3149 .

199 3176 281 3238 anni
297 3174 480 3256 sequentis
497 3195 538 3237 ac
556 3174 612 3236 die
630 3180 659 3236 (1.
673 3174 751 3238 Oct.
769 3193 861 3236 anno
879 3193 958 3252 1799
972 3192 1026 3235 sa·
1065 3152 1069 3269 l
1178 3097 1205 3148 lt

1192 3223 1287 3286 Libri
1309 3224 1394 3304 01115,
1416 3242 1551 3284 summa
1577 3242 1663 3284 cura
1691 3244 1739 3287 ac
1768 3227 1963 3311 diligentia

1107 3346 1254 3427 exarati,
1272 3356 1370 3407 sunt:

1195 3490 1217 3544 1.
1227 3488 1464 3563 Magyarorszrig
1477 3486 1562 3573 rrivid
1576 3486 1774 3548 stildleirzisa.
1792 3491 1827 3571 (i.
1840 3513 1870 3551 e.
1880 3497 1964 3553 Corn·

1108 3593 1246 3671 pendium
1260 3593 1466 3669 geographiae
1479 3594 1564 3666 regni
1574 3592 1789 3675 Hungariae.)
1807 3600 1963 3675 Pozsony·

1368 3718 1386 3772 y
1400 3696 1504 3771 Alajos
1522 3695 1686 3770 tulajdona.
1703 3697 1846 3759 Schmid
1860 3704 1898 3760 A.
1916 3703 1963 3760 be·

199 3784 328 3846 ciensis
344 3784 442 3845 iussu
459 3783 695 3845 ordinariatus
711 3782 882 3864 inserviit,
900 3804 1027 3865 usque·
1066 3746 1070 3855 1
1107 3801 1218 3877 trijivei
1240 3803 1330 3875 ¹835·
1357 3801 1398 3859 80.
1420 3816 1507 3877 3²1³·
1533 3800 1587 3856 lid.
1611 3815 1638 3856 2.
1665 3801 1830 3863 idiomate
1857 3810 1962 3865 Latino

200 3905 1028 3968 dumanno1813vicariatummonasterioLam·
1066 3858 1070 3967 1
1108 3922 1138 3964 et
1162 3909 1261 3981 Hung.
1288 3906 1361 3964 Ibid.
1388 3906 1477 3979 1836.
1502 3906 1544 3963 8⁰.
1573 3904 1612 3962 (18
1638 3924 1667 3981 p.
1702 3908 1796 3966 Edit.
1825 3910 1858 3969 6.
1885 3915 1960 3969 Pesu

199 4028 345 4089 bacensi
366 4047 430 4107 per
451 4047 479 4090 c.
497 4048 522 4089 r.
539 4028 750 4110 gubernium
775 4028 969 4091 iniunctum
992 4029 1028 4090 in
1067 3972 1070 4103 1
1108 4011 1645 4086 1111511091.11111111111119.
1672 4009 1721 4067 8⁰·
1749 4014 1798 4086 48
1824 4036 1857 4093 P·
1890 4018 1959 4074 C¹¹¹¹¹

201 4148 445 4230 Bachmaning
465 4151 660 4231 regendum
684 4149 842 4231 suscepit
865 4150 1028 4231 rexitque
1068 4107 1071 4251 1

200 4271 246 4331 ad
262 4289 390 4331 annum
412 4274 502 4351 1839,
524 4290 615 4333 anno
631 4275 714 4349 1817
738 4273 860 4334 laurea
875 4272 1029 4353 philoso-
1068 4276 1072 4363 Ι

199 4390 306 4472 phica
319 4412 365 4454 ex
378 4392 610 4455 universitate
624 4393 798 4475 Pragensi
813 4397 947 4458 ornata.
965 4393 1029 4458 So-

199 4514 271 4575 lum
287 4523 474 4595 paternum
495 4534 574 4576 cum
596 4515 734 4579 indultu
758 4516 953 4597 episcopali
976 4537 1030 4579 re·

200 4645 328 4717 petens
348 4636 480 4699 ibidem
501 4636 610 4699 vitam
634 4637 753 4718 posuit
778 4637 836 4700 die
861 4658 907 4700 10.
924 4638 1028 4701 Febr.

200 4779 292 4821 anno
313 4763 392 4837 1847
410 4760 515 4821 homo
532 4779 601 4821 non
618 4760 804 4822 mediocris
821 4761 963 4844 ingenii.

287 4881 454 4964 Scripsit:

289 5010 311 5065 l.
328 5009 500 5066 Unterriclrt
521 5007 596 5064 iiber
616 5008 664 5065 die
680 5008 780 5065 Lehre
801 5009 855 5065 des
871 5010 1029 5066 Katechis·

201 5133 265 5169 mus
282 5130 341 5168 von
357 5113 410 5169 der
422 5113 546 5169 Kirche.
564 5109 634 5190 (1.1.
649 5112 795 5169 Doctrina
807 5114 980 5170 catechismi
992 5113 1029 5169 de

203 5213 352 5294 eeclesia.)
369 5215 441 5272 Sine
457 5216 536 5272 loc0.
559 5215 648 5274 1802.
666 5216 708 5273 8⁰.
730 5232 766 5289 14
783 5236 812 5292 p.

289 5321 326 5377 II.
343 5321 530 5377 Conciones:
554 5321 677 5396 Predigt
692 5340 738 5377 am
753 5321 923 5377 Osterfeste
940 5320 1029 5378 1802.

204 5421 304 5498 Smyr,
321 5425 447 5480 Meriter.
466 5424 500 5482 80
516 5428 584 5481 111111.
606 5440 641 5498 15
661 5445 689 5501 p.
712 5458 754 5466 —
775 5425 899 5500 Predigt
915 5445 961 5482 am
983 5440 1029 5498 13.

1110 4137 1167 4173 una
1184 4117 1245 4172 tab.

1195 4240 1233 4295 Il.
1262 4239 1367 4294 Nemet
1395 4237 1590 4309 szovetse'ges
1615 4239 1850 4314 tartomrinyok
1875 4240 1955 4299 101111

1110 4344 1290 4400 sdlrlleiraisa.
1312 4340 1341 4419 (1.
1360 4361 1385 4399 e.
1404 4341 1619 4417 Compendium
1635 4345 1865 4419 geographiae
1886 4349 1953 4403 ciri·

1109 4463 1202 4504 tatum
1224 4447 1326 4503 Germ.
1349 4444 1439 4524 foed.)
1462 4444 1671 4519 Pozsonyban.
1694 4447 1905 4525 Bucszinszky
1919 4449 1951 4506 A.

1109 4546 1269 4626 tulajrlona.
1304 4550 1449 4606 Idiomate
1472 4551 1540 4606 Lat.
1572 4564 1601 4604 et
1624 4549 1727 4624 Hung.
1758 4550 1808 4609 80.
1844 4553 1903 4611 128
1924 4572 1948 4628 p.

1109 4658 1182 4713 Cum
1200 4675 1257 4712 una
1274 4654 1335 4712 tab.

1196 4780 1247 4834 III.
1265 4776 1576 4851 Szavalatturlomziny.
1599 4772 1629 4853 (i.
1647 4794 1674 4832 e.
1692 4776 1755 4834 Ars
1772 4776 1946 4855 rhetorica.)

1111 4885 1292 4941 Dissertatio
1325 4884 1458 4958 praemio
1490 4894 1605 4937 ornata.
1642 4878 1735 4951 1838.
1776 4884 1812 4940 In
1846 4887 1944 4959 scripu

1110 4987 1242 5065 period:
1259 4984 1804 5062 ,711115111111-111515111111197110
1823 4988 1911 5062 1841.
1924 4989 1943 5042 1.

1111 5106 1339 5170 1)·199-2-13·

1197 5216 1246 5272 IV.
1257 5216 1389 5271 Nemzeti
1403 5213 1509 5269 iskolai
1522 5212 1631 5269 szdtar.
1646 5210 1880 5275 Szerkesztette
1891 5217 1944 5272 Ra·

1111 5321 1215 5395 mriezy
1228 5320 1293 5376 Val.
1311 5316 1340 5397 (i.
1355 5338 1381 5375 e.
1395 5319 1530 5374 Lexicon
1544 5317 1784 5398 flung-Germ.)
1796 5322 1941 5394 Pozsony.

1111 5424 1312 5499 Rucsz'mszky.
1335 5422 1424 5495 1838.
1447 5429 1505 5480 120.
1524 5420 1582 5494 283
1603 5441 1632 5497 p.
