1217 2000
525 355 667 379 —3'87—

161 410 175 424 ὅ.
183 408 248 424 mensis
254 408 306 424 huius
313 407 388 424 mittitur
393 407 504 424 Olomucium
511 408 534 423 ad
540 410 576 423 stu-

161 439 190 454 dia
198 438 299 459 theologica
307 438 389 455 finienda.
401 438 470 459 Quibus
476 438 501 454 ibi
507 440 526 454 et
531 438 576 454 Bru-

161 475 195 485 nae
201 469 279 490 peractis
285 471 303 485 et
308 469 414 485 testimoniis
421 468 493 490 optimis
499 474 523 484 ex
529 468 576 484 omni

161 500 246 516 scientiae
254 505 316 516 sacrae
324 505 390 521 genere
401 505 462 515 secum
472 499 536 520 allatis,
551 500 576 515 28,

162 531 209 551 Aug.
223 531 251 546 182
256 536 261 546 1
277 531 373 551 presbyter
386 530 477 546 ordinatus
479 542 485 551 ,
499 531 513 546 8,
526 529 576 551 Sept.

161 561 227 582 primas
237 561 277 577 Deo
287 561 355 577 hostias
367 566 427 577 coram
439 561 534 577 admodum
545 565 576 576 nu-

161 596 231 607 merosa
239 592 351 607 multitudine
360 591 424 607 obtulit
434 592 482 612 apud
492 596 535 607 suos
545 596 582 612 pa-.

161 625 221 638 rentes
229 622 359 638 Schfinwaldae
367 622 385 638 in
393 621 452 642 patria
460 627 497 638 sua.
508 622 576 637 Redux

161 653 274 668 constituitur
281 652 372 668 institutor
379 652 477 668 iuventutis
487 652 504 668 in
515 652 576 668 schola

161 683 231 704 triviali,
242 686 260 699 ct
271 683 335 699 iterata
345 683 385 699 vice
395 688 461 704 regens
471 683 526 701 chori:
538 685 576 698 tum

161 714 235 729 obtenta
243 713 365 729 iurisdictione
373 713 449 734 simplici
456 718 511 734 penes
517 713 576 735 ¹eccle-

161 744 204 760 siam
209 744 482 764 parochialemRaigradiensem
487 744 510 759 ad
516 748 576 759 curam

161 775 258 790 animarum
267 774 386 795 incumbebat,
398 775 454 790 donee
465 775 480 790 ὁ.
488 774 525 790 Ian.
536 775 575 790 1823

161 805 183 820 ad
195 810 257 825 preces
268 805 341 825 parochi
350 805 464 821 Laudicensis
472 804 537 820 Pes'uia
545 809 576 820 no-

161 835 217 855 mine,
232 835 281 851 cuius
294 840 347 851 curae
358 840 424 851 vacans
438 837 480 851 tuuc
492 835 577 855 parochia.

161 866 219 882 vicina
231 866 358 882 Nicoieicensis
370 866 472 882 concredita
484 868 529 894 erat,
544 871 576 886 pro

161 897 301 912 administranda
307 897 341 912 ista
348 897 371 912 ab
377 896 436 912 officio
443 896 540 917 episcopali
546 897 576 912 de-

162 927 267 948 terminatus
275 929 308 948 est,
318 927 348 943 ubi
358 932 415 948 usque
427 928 450 943 ad
460 932 525 943 annum
536 928 575 943 182⁵

161 958 247 973 inclusive
263 958 361 978 permansit
375 960 393 973 et
406 963 471 979 magno
485 963 525 978 cum
538 958 576 973 zelo

160 993 234 1009 gregem
248 988 282 1004 sibi
296 988 416 1004 concreditum
430 988 485 1009 pavit.
503 988 520 1004 A
534 993 576 1004 cura
588 998 590 1000 v

160 1019 258 1035 animarum
272 1019 363 1035 Nicoleicii
378 1019 472 1035 absolutus
485 1019 502 1035 in
516 1024 576 1035 mona-

160 1050 233 1065 sterium
241 1049 299 1070 rediit,
307 1053 326 1065 ut
335 1054 354 1065 se
362 1050 385 1065 ad
393 1049 513 1070 professuram
521 1050 576 1065 histo-

161 1080 198 1096 riae
206 1080 311 1096 universalis
320 1084 441 1101 praepararet,
452 1080 539 1101 simulque
549 1080 576 1096 bi-

160 1111 260 1127 bliothecae
273 1111 400 1131 Raigradiensi
412 1111 519 1132 praeficitur.
537 1111 576 1131 Qua

160 1142 306 1157 bibliothecarius
321 1147 386 1158 novum
401 1142 503 1162 catalogum
518 1145 576 1162 syste-

160 1172 242 1188 maticum
248 1172 358 1193 conscripsit,
362 1172 452 1193 librosque
457 1172 474 1188 in
479 1172 575 1192 meliorem,

161 1208 213 1223 quam
224 1206 278 1218 antea
289 1203 330 1223 suit,
342 1203 421 1218 ordinem
433 1203 508 1223 redegit.
522 1203 575 1218 Anno

162 1234 201 1249 1832
213 1238 273 1249 mense
283 1233 365 1249 Ianuario
376 1233 396 1249 P.
404 1233 483 1254 Rficker,
495 1233 525 1254 qui
535 1234 574 1253 1827

161 1264 242 1284 Auspicii
251 1269 283 1284 per
289 1264 357 1284 aliquot
363 1269 434 1279 menses
440 1266 574 1284 cooperatorem

160 1297 227 1315 egerat,
234 1299 266 1315 pro
273 1294 413 1310 administranda
419 1295 504 1315 parochia
509 1295 575 1310 Modri-

160 1325 209 1340 censi
225 1325 346 1345 constituitur,
360 1325 416 1345 unde,
430 1330 491 1341 mense
504 1325 575 1346 Martio,

160 1355 247 1371 beneficio
261 1356 294 1371 hoc
308 1356 364 1371 libero
378 1355 445 1371 Baroni
458 1356 481 1372 de
494 1355 575 1371 Schrenk

160 1387 230 1407 (postea
234 1386 369 1406 archiepiscopo
374 1386 467 1407 Fragensi)
473 1387 537 1402 collato
544 1387 575 1402 vix

160 1417 252 1432 absolutus
264 1422 290 1436 zq.
300 1417 353 1433 Mart.
364 1417 470 1437 Auspicium
482 1422 514 1438 pro
526 1417 574 1433 iuva-

160 1447 206 1463 minc
217 1447 233 1463 in
244 1452 286 1463 cura
297 1447 394 1463 animarum
403 1447 482 1468 mittitur,
493 1452 527 1468 quo
535 1448 575 1463 loco

159 1483 216 1498 usque
228 1478 251 1493 ad
263 1477 331 1493 initium
343 1478 409 1493 mensis
420 1478 458 1493 Iulii
472 1478 574 1498 permansit.

160 1508 239 1524 Instante
248 1508 294 1524 enim
302 1511 344 1524 tunc
352 1511 394 1529 post
402 1508 470 1524 obitum
476 1509 574 1529 Augustini

160 1539 230 1555 abbatis
239 1544 286 1555 nova
294 1539 382 1555 electione
393 1539 446 1555 etiam
456 1539 476 1555 P.
485 1539 574 1555 Antonius

159 1572 253 1585 revocatur
261 1570 337 1590 domum,
349 1569 379 1585 ubi
388 1569 450 1585 sedulo
457 1569 549 1585 laboribus
557 1569 574 1585 in

159 1600 267 1615 bibliotheca
273 1599 387 1620 perficiendis
395 1602 466 1620 tempus
474 1599 574 1620 dedicabat,

616 407 687 423 insimul
694 412 738 424 vero
746 412 756 423 a
765 407 845 428 praelato
851 407 870 423 in
875 408 974 424 rationibus
980 413 1033 425 oeco-

616 437 690 454 nomicis
697 437 765 454 meliori
773 437 840 454 formae
848 438 944 454 reddendis
953 438 972 455 in
981 439 1032 456 iuva·

616 473 656 484 men
665 470 692 484 est
700 468 785 490 adscitus,
793 468 812 484 in
820 468 884 489 quibus
894 469 943 485 baud
953 472 1032 486 contem-

616 499 693 514 nendam
700 498 784 519 praebuit
791 503 869 520 operam,
880 504 919 515 cum
930 500 1032 516 matheseos

617 532 666 545 esset
677 534 765 550 perquam
777 534 849 550 gnarus.
866 529 948 546 Confecit
959 535 1032 551 quoque

616 561 732 580 conspectum
744 560 817 575 cntastri
827 559 932 576 Theresiani
941 560 1032 582 Iosephini

616 592 634 605 et
642 589 688 606 iilius
696 589 792 611 provisoris
803 591 825 606 de
835 595 882 606 anno
891 592 937 612 1819,
950 596 985 612 quo
996 597 1032 608 uno

616 621 679 636 obtutu
691 625 774 637 mensure
786 623 804 637 et
816 621 854 637 fata
866 621 953 638 individui
963 617 1032 643 praedii

605 655 608 660 ¹
616 651 640 667 ad
649 651 776 667 monasterium
786 652 884 672 spectant-is
893 652 1031 673 conspiciuntur.
1049 654 1053 660 '

616 681 649 697 Cui
657 681 707 702 operi
715 682 808 703 praeclaro
815 682 893 704 ingenue
899 683 995 700 insudavit.
1003 684 1032 700 In-

616 712 664 732 cepit
672 717 743 733 quoque
751 712 869 729 inventarium
875 713 901 729 rei
907 714 1032 730 oeconomiae

616 742 708 764 conficere,
713 743 761 763 quod
767 744 855 764 cmuplere
861 744 906 760 eheu
913 749 948 760 non
954 747 1031 766 poterat,

616 778 656 789 cum
667 773 684 789 in
695 773 753 789 locum
761 773 854 790 Benedicti
861 772 945 796 Richter,
956 775 987 796 qui
993 775 1032 791 Au-

616 807 687 825 gustam
698 804 830 820 Vindelicorum
844 809 880 825 qua
890 809 950 821 rector
961 809 980 822 et
990 811 1032 827 pro-

615 834 674 850 fessor
681 835 770 856 gymnasii
779 835 852 856 abierat,
862 836 953 856 professor
959 836 1030 858 religio-

616 865 643 881 nis
652 868 670 881 et
677 866 802 886 paedagogiae
810 866 915 882 universalis
923 867 941 883 iu
949 867 1031 884 instituto

616 896 740 916 philosophico
752 896 823 912 Brunae
837 897 923 913 suffectus
934 897 962 914 sit.
978 898 1031 914 Anno

617 927 642 942 28,
651 926 701 947 Sept.
713 928 752 943 1836
760 927 820 943 subito
828 928 910 943 examine
918 928 999 949 rigoroso
1007 933 1031 944 ex
1045 926 1048 930 '

616 960 654 973 arte
667 957 791 978 paedagogica
803 958 820 973 in
832 958 879 974 univ.
888 958 1002 975 Olomucensi
1013 962 1031 975 et

618 993 642 1008 14,
651 987 690 1004 oct
699 993 713 1004 e.
722 993 750 1004 an.
759 993 769 1004 e
777 989 867 1009 religionis
875 989 950 1005 scientia
957 990 980 1006 ad
989 995 1031 1006 con-

615 1018 704 1034 sistorium
716 1018 813 1043 Brunense,
826 1019 891 1040 quibus
903 1020 968 1036 donum
979 1025 1030 1036 suum

616 1049 723 1064 didacticum
730 1049 797 1070 optime
803 1050 931 1070 comprobavit,
939 1050 1030 1071 professor

615 1080 698 1100 publicus
711 1080 815 1096 declaratur.
830 1080 886 1096 Verbi
897 1081 953 1097 divini
964 1086 1030 1102 praeco

615 1111 690 1131 zelosus,
703 1111 784 1126 veritatis
798 1111 895 1127 catholicae
907 1115 1031 1133 propugnator

616 1141 716 1161 acerrimus,
723 1141 821 1162 discipulis,
829 1142 860 1162 qui
865 1142 978 1158 liberioribus
983 1143 1031 1163 prin-

616 1171 667 1192 cipiis
680 1171 778 1188 faciliorem
791 1173 902 1193 praebebant
914 1177 989 1194 autemst
996 1178 1031 1189 non

616 1199 687 1218 omnin'o
695 1202 755 1218 extitit
763 1205 830 1223 gratus,
839 1203 871 1219 sed
879 1205 929 1219 tauto
937 1204 995 1225 magis
1003 1209 1032 1220 su-

615 1232 715 1253 perioribus
733 1233 863 1249 ecclesiasticis.
885 1233 1031 1250 Conversationis

615 1264 687 1279 tandem
701 1263 718 1279 in
733 1264 799 1279 mundo
815 1266 909 1284 pertaesus
922 1266 940 1280 et
954 1264 1031 1281 dilectae

615 1293 715 1310 solitudinis
727 1294 836 1310 monasticae
849 1294 924 1315 cupidus
935 1295 988 1316 petiit
1000 1296 1032 1311 ab-

615 1324 660 1340 solvi
672 1325 696 1340 ab
708 1324 766 1340 officio
778 1325 891 1346 professoris,
905 1328 923 1341 et
935 1328 1031 1346 postquam

614 1355 742 1371 bibliothecam
753 1355 830 1372 instituti
838 1355 955 1377 philosophici
964 1356 982 1372 in
990 1361 1031 1372 con-

615 1387 685 1402 cinnum
693 1386 764 1407 redegit
772 1386 856 1407 ordinem,
865 1387 949 1407 Augusto
959 1388 998 1406 1843
1007 1387 1030 1403 ad

615 1417 740 1433 monasterium
753 1420 832 1433 {1052OEOE
847 1420 875 1432 &St
886 1421 977 1437 reversus,
989 1420 1031 1438 FOSt

615 1450 655 1463 octo
663 1452 720 1463 annos
729 1447 805 1468 impigre
813 1447 884 1463 Brun-ae
892 1447 998 1464 exantlatos.
1009 1447 1030 1464 In

615 1478 693 1498 capitulo
707 1477 736 1493 die
749 1479 775 1493 28.
787 1477 837 1498 Sept.
852 1479 892 1498 1843
906 1477 1030 1499 bibliothecae,

615 1513 668 1529 quam
675 1508 712 1524 iam
719 1508 788 1528 pridem
793 1508 879 1529 singulari
885 1508 959 1524 fovebat
964 1513 1030 1530 amore,

615 1538 717 1560 praefectus
725 1539 805 1555 redditus
813 1541 841 1554 est
847 1541 865 1555 et
871 1539 923 1555 simul
931 1543 984 1555 mirae
992 1538 1031 1555 ani-

615 1574 682 1585 marum
694 1574 730 1590 qua
741 1572 848 1590 cooperator
857 1574 914 1590 penes
926 1569 1030 1590 parochiam

615 1600 714 1616 adiunctus*
726 1599 764 1616 Nec
771 1600 846 1621 pigebat
856 1600 885 1616 lae
895 1600 982 1621 praebere
990 1605 1040 1622 par-⁴

899 1627 927 1642 ⁴9·
