4222 6106
1030 519 1073 529 —-
1118 484 1291 545 XXXIV
1334 520 1377 529 -

338 701 576 766 calamitatem
599 717 745 784 propter
768 724 928 787 pugnam
951 708 1043 769 inter
1059 706 1254 790 Georgium
1271 708 1472 787 Podebrad,
1490 725 1613 789 regem
1630 706 1834 786 Bohemiae,
1852 714 1889 767 et
1905 704 2079 767 Mathiam

335 838 536 922 Corvinum,
554 840 761 923 Hungariae
777 863 912 927 regem,
930 856 1130 908 consertam
1146 845 1330 907 Moraviae
1346 844 1562 907 monasteria
1577 843 1817 925 Raigradium
1834 854 1870 906 et
1888 844 2079 907 Trebicum

336 990 554 1059 acceperunt
578 981 637 1061 ita,
661 989 699 1043 ut
722 981 788 1043 hoc
814 983 1025 1046 dissolutum
1050 984 1095 1046 sit
1111 987 1143 1065 ¹).

1113 1329 1218 1394 CAP.
1244 1329 1304 1391 IV.

468 1537 508 1599 In
533 1539 682 1600 eandem
707 1538 959 1618 calamitatem,
991 1557 1061 1618 qua
1089 1539 1175 1599 ordo
1204 1547 1309 1599 antea
1339 1538 1430 1598 adeo
1457 1535 1586 1598 florens
1610 1534 1803 1597 Bohemiae
1828 1546 1864 1598 et
1888 1535 2074 1599 Moraviae

339 1675 482 1737 saeculo
506 1676 629 1756 quinto
654 1675 790 1737 decimo
814 1678 1007 1756 obpressus
1031 1685 1117 1755 erat,
1141 1675 1285 1737 saeculo
1310 1684 1482 1754 sequente
1502 1673 1661 1754 religiosi
1677 1683 1849 1735 terrarum
1867 1674 2078 1756 Alpinarum

339 1813 547 1876 inciderunt.
594 1813 717 1895 Magni
748 1813 944 1874 animorum
974 1823 1108 1893 motus,
1144 1831 1232 1893 quos
1263 1813 1457 1874 monachus
1490 1811 1774 1893 Augustinorum
1806 1821 1843 1873 et
1875 1813 2077 1894 theologiae

341 1952 523 2033 professor
546 1952 788 2015 universitatis
812 1951 1151 2033 Wittenbergensis,
1175 1951 1236 2012 Dr.
1261 1950 1437 2012 Martinus
1463 1951 1650 2031 Lutherus,
1675 1951 1868 2032 exciverat,
1894 1951 1928 2013 in
1954 1953 2078 2014 domos

341 2112 482 2173 quoque
505 2092 638 2154 ordinis
661 2112 687 2153 s.
713 2090 898 2152 Benedicti
922 2089 1050 2152 fluctus
1075 2090 1291 2170 evolverant,
1325 2089 1385 2169 qui
1416 2089 1451 2150 in
1485 2088 1645 2169 plurimis
1676 2088 1782 2151 avide
1813 2089 2077 2152 hauriebantur.

342 2230 382 2292 Id
406 2229 482 2292 fieri
506 2240 648 2311 poterat
671 2239 871 2310 propterea,
897 2230 991 2309 quod
1016 2229 1205 2309 disciplina
1226 2237 1262 2290 et
1278 2228 1434 2290 studium
1450 2228 1650 2290 litterarum
1666 2229 1938 2310 neglegebatur,
1962 2248 2078 2291 rerum

342 2368 496 2430 inanium
525 2388 623 2430 amor
650 2368 858 2449 inrepserat.
898 2366 1092 2428 Praeterea
1115 2367 1202 2427 ordo
1227 2367 1453 2428 sacerdotum
1478 2366 1692 2447 regularium
1716 2366 1870 2428 maximo
1895 2377 1973 2428 erat
1997 2387 2079 2429 con·

341 2506 502 2587 temptui,
527 2516 565 2568 ut
589 2507 781 2567 monachus
805 2525 884 2566 cum
908 2515 1009 2567 veste
1033 2504 1165 2566 ordinis
1188 2505 1357 2567 incedens
1386 2504 1471 2566 risui
1505 2506 1563 2566 vel
1593 2504 1728 2567 iniuriis
1757 2506 1943 2586 expositus
1972 2518 2077 2569 esset.

342 2646 522 2725 Perpetua
538 2644 691 2724 denique
708 2643 900 2705 certamina
916 2663 995 2704 cum
1008 2642 1203 2723 nobilitate,
1218 2661 1310 2723 quae
1325 2643 1457 2723 ubique
1471 2641 1546 2704 fere
1559 2662 1688 2705 novam
1702 2644 1899 2705 doctrinam
1912 2645 2079 2725 amplexa

343 2794 419 2845 erat
436 2793 472 2845 et
489 2782 720 2863 cupiditatem
744 2781 969 2862 praediorum
990 2781 1291 2844 monasterialium
1308 2781 1400 2843 male
1419 2781 1675 2864 dissimulabat,
1699 2783 1824 2845 eodem
1841 2782 2078 2863 pertinebant.

473 2921 512 2983 In
541 2921 792 2983 monasterium
817 2919 1012 2982 Garstense
1041 2919 1353 3000 protestantismus
1384 2920 1453 2981 iam
1485 2940 1577 2981 anno
1614 2925 1692 2999 1527
1727 2921 1919 2984 invaserat.
1966 2922 2079 2984 Paulo

344 3069 425 3142 post
450 3080 529 3121 eum
553 3059 588 3121 in
611 3059 756 3139 reliquis
779 3058 1002 3119 monasteriis
1011 3106 1020 3138 ,
1052 3077 1131 3119 cum
1155 3057 1366 3138 praesertim
1390 3058 1547 3119 nonnulli
1571 3058 1723 3120 abbates
1746 3079 1767 3119 a
1790 3058 1942 3121 veritate
1967 3060 2080 3123 desci-

343 3201 487 3279 vissent,
511 3199 716 3279 reperimus
763 3198 850 3258 Inde
874 3195 949 3258 fieri
973 3217 1042 3258 non
1066 3196 1192 3277 potuit,
1218 3196 1302 3277 quin
1327 3215 1494 3258 numerus
1517 3196 1766 3278 religiosorum
1794 3196 1830 3259 in
1859 3197 1936 3258 dies
1965 3198 2080 3280 magis

345 3339 615 3400 deminueretur.
663 3334 894 3417 Gottwigium
919 3335 1062 3416 quidem
1086 3346 1122 3397 et
1146 3335 1266 3398 Cellae
1290 3335 1473 3397 Marianae
1497 3345 1641 3417 praeter
1664 3337 1832 3397 abbatem
1849 3336 1983 3398 nullum
2000 3356 2081 3398 con-

344 3478 556 3558 ventualem,
582 3475 871 3556 Seitenstadium,
898 3475 1102 3555 Mellicium,
1128 3475 1344 3555 AdmonteS,
1369 3473 1596 3554 Gluniacum,
1620 3473 1887 3554 Lambachium,
1912 3474 2081 3536 Michael-

344 3617 469 3676 burum
494 3615 554 3676 vix
578 3615 658 3695 plus
682 3623 755 3675 tres
779 3633 890 3674 sexve
914 3613 1100 3694 religiosos
1125 3613 1315 3674 habebant.
1348 3611 1452 3692 Quid,
1477 3613 1571 3692 quod
1594 3612 1630 3674 in
1654 3610 1841 3673 Garstensi
1864 3613 2080 3674 monasterio

346 3774 387 3815 eo
411 3765 556 3815 ventum
580 3762 670 3832 erat,
695 3759 734 3813 ut
757 3752 827 3812 duo
851 3751 1006 3831 capitula
1030 3761 1166 3832 essent,
1191 3752 1341 3813 alterum
1365 3751 1578 3831 maritorum,
1603 3750 1753 3812 alterum
1776 3750 1881 3811 trium
1906 3751 2080 3812 sodalium

347 3892 552 3952 caelebum?
568 3893 590 3968 ²)

477 4026 661 4089 Deteriore
692 4036 787 4088 statu
819 4026 991 4087 coenobia
1021 4026 1224 4088 monialium
1257 4036 1367 4088 erant.
1416 4027 1475 4087 Ad
1506 4027 1645 4089 radices
1675 4027 1804 4089 montis
1836 4025 2081 4089 Gottvieensis

348 4165 528 4229 conditum
556 4168 633 4242 1557
661 4165 870 4225 dissolutum
894 4175 958 4226 est.
992 4165 1171 4245 Erlaense,
1189 4164 1484 4246 'srunkirchense,
1517 4164 1802 4248 Salisburgense,
1827 4167 2084 4245 Admontense,

349 4326 427 4367 cum
451 4306 497 4365 ab
521 4303 644 4365 incolis
669 4304 832 4364 desertae
857 4313 986 4382 essent,
1011 4302 1220 4365 interierunt
1236 4304 1270 4383 ³).

479 4441 561 4503 Pari
590 4443 693 4503 modo
722 4441 756 4502 in
781 4439 961 4502 Carinthia
990 4460 1031 4501 ac
1060 4439 1169 4500 Tiroli
1197 4449 1233 4501 et
1256 4440 1510 4521 Vorarlbergio
1544 4461 1636 4503 nova
1667 4442 1794 4524 religio
1827 4443 1957 4504 multos
1990 4462 2085 4504 asse·

349 4582 446 4644 culas
470 4589 574 4642 nacta
599 4589 684 4660 erat,
709 4580 768 4660 qui
793 4580 1013 4641 immemores
1030 4578 1104 4639 voti
1120 4578 1211 4639 sacri
1237 4578 1461 4641 monasteriis
1486 4581 1722 4661 excedebant,
1747 4591 1785 4642 ut
1808 4581 1844 4643 in
1868 4580 2084 4643 monasterio

350 4718 588 4800 Sanpaulensi
623 4728 760 4780 mortuo
792 4715 929 4778 Mathia
964 4718 1095 4778 abbate
1135 4720 1215 4778 1550
1250 4718 1320 4778 duo
1355 4716 1484 4780 fratres
1522 4728 1642 4781 essent
1656 4720 1679 4799 ⁴)
1716 4729 1752 4782 et
1785 4720 1820 4781 in
1857 4718 2086 4782 Ossiachensi

482 4962 503 5040 ¹)
528 4965 648 5038 Wolny,
674 4961 894 5038 Topographie
918 4979 977 5016 von
1001 4962 1133 5027 Mihren,
1159 4962 1278 5035 Iglauer
1303 4964 1401 5018 KreiS.

480 5074 502 5151 2)
526 5077 628 5131 Friess
652 5076 669 5131 Ι.
695 5093 738 5142 c.;
769 5073 963 5139 Widemann,
998 5072 1203 5129 Reformation
1236 5076 1264 5128 in
1296 5075 1651 5142 Nieder-Oesterreich;
1687 5077 1784 5144 Klein,
1818 5077 2002 5133 Geschichte
2035 5078 2088 5133 des

351 5189 602 5253 Christenthums‚
626 5189 684 5244 alii.

481 5299 503 5378 ³)
529 5301 641 5356 Harum
666 5299 815 5357 coenobia
840 5319 905 5355 cum
931 5298 1144 5354 monachorum
1171 5297 1309 5355 domibus
1334 5301 1494 5356 coniuncta
1519 5302 1575 5355 iam
1600 5316 1688 5356 antea
1712 5303 1893 5357 interierant.

482 5412 505 5491 4)
530 5410 657 5481 Schroll,
684 5415 745 5469 llas
769 5412 839 5469 Stist
863 5411 907 5468 St.
932 5412 1014 5467 Paul.
