4222 6106
851 529 893 536 -
937 492 1071 555 XXIII
1117 530 1158 539 —

263 713 417 778 Saeculo
442 715 653 777 duodecimo
678 717 894 779 constitutae
916 727 998 778 sunt
1014 719 1199 779 abbatiae:
1224 720 1257 778 b.
1276 718 1412 780 Mariae
1430 729 1465 780 et
1482 740 1508 779 s,
1526 718 1624 780 Petri
1641 721 1684 781 de
1702 719 1828 781 CsatAr
1842 723 1875 800 ¹),

131 874 159 917 s.
183 853 346 916 Helenae
370 855 415 915 de
439 853 609 930 Fiildvar,
632 855 666 916 b.
690 854 827 917 Mariae
853 857 897 918 de
920 855 1075 918 Diimiilk
1091 858 1125 936 ²),
1156 859 1190 917 b.
1215 857 1350 917 Mariae
1380 857 1424 917 de
1448 855 1652 938 Szeplaks),
1685 877 1711 920 s
1736 857 1874 919 Nicolai

132 993 178 1054 de
201 992 375 1054 Madocsa
389 994 424 1071 ⁴),
448 1011 474 1054 s
492 991 667 1073 Stephani
687 993 966 1075 Protomartyris
991 995 1035 1055 de
1058 995 1157 1056 Kaet
1172 1000 1206 1074 ⁵),
1231 995 1265 1056 b.
1283 994 1417 1055 Mariae
1442 995 1486 1055 (le
1504 993 1664 1076 Giissing
1678 995 1712 1074 ⁶),
1737 1015 1762 1056 s.
1781 996 1875 1057 Mar-

133 1131 306 1212 garethae
331 1132 375 1192 de
399 1130 538 1192 Meszes
555 1131 589 1210 7).

265 1268 415 1333 Saeculo
439 1269 627 1332 undecimo
647 1270 706 1331 vel
730 1271 940 1332 duodecimo
965 1271 1179 1332 exstiterunt
1203 1270 1386 1332 abbatiae:
1411 1271 1444 1330 b.
1463 1270 1598 1331 Mariae
1615 1271 1659 1332 de
1676 1271 1872 1350 Babolcha,

134 1427 181 1469 ss.
205 1406 355 1470 Cosmae
379 1417 416 1470 et
431 1407 596 1470 Damiani
614 1409 658 1470 de
674 1408 835 1490 Ludeny,
859 1429 905 1470 ss‚
923 1408 1121 1471 Salvatoris
1138 1408 1182 1470 de
1198 1409 1409 1489 Kapornak,
1435 1429 1479 1470 ss.
1498 1409 1755 1488 Apostolorum
1774 1410 1875 1471 Petri

134 1555 171 1607 et
193 1546 296 1607 Pauli
320 1547 365 1608 de
388 1546 586 1627 Taplocza,
618 1556 724 1609 natae
749 1548 970 1629 Angelorum
994 1547 1161 1629 Reginae
1187 1548 1231 1609 de
1256 1547 1444 1627 Kompolt,
1476 1568 1502 1608 S.
1526 1547 1671 1610 Martini
1698 1549 1741 1609 de
1766 1547 1875 1608 Bulcs

132 1684 179 1745 ad
203 1682 381 1766 Solymos,
406 1704 433 1746 S.
457 1684 628 1746 Andreae
652 1685 820 1765 Apostoli
845 1687 889 1747 de
913 1684 1055 1764 Bistria,
1079 1686 1113 1746 b.
1138 1684 1274 1746 Mariae
1299 1685 1343 1745 de
1368 1685 1498 1746 Almad
1515 1684 1549 1764 8).

264 1821 388 1884 Priore
412 1831 514 1903 parte
539 1822 672 1884 saeculi
697 1823 825 1884 decimi
849 1822 944 1885 tertii
961 1831 1108 1885 exortae
1126 1833 1208 1884 sunt
1224 1821 1410 1882 abbatiae:
1436 1841 1461 1883 s
1480 1821 1602 1883 Iacobi
1619 1823 1663 1882 de
1680 1819 1875 1903 Lebeny9),

133 1980 160 2022 s.
185 1958 360 2040 Stephani
383 1960 429 2020 de
453 1959 617 2040 Telki10),
649 1980 676 2021 S.
702 1960 889 2023 Benedicti
922 1962 966 2022 de
998 1959 1135 2024 Skalka
1167 1981 1230 2024 seu
1261 1963 1304 2024 de
1332 1960 1479 2041 rupibus
1493 1963 1546 2041 ¹¹),
1579 1981 1605 2023 s.
1635 1959 1799 2042 Gregorii
1832 1961 1876 2021 de

134 2096 296 2177 Colocza,
321 2116 367 2158 ss.
393 2098 648 2179 Apostolorum
672 2118 699 2162 s,
723 2099 822 2160 Petri
847 2110 883 2161 et
906 2100 1008 2161 Pauli
1032 2102 1077 2161 de
1101 2101 1211 2181 KelcS,
1236 2099 1382 2162 abbatia
1406 2097 1677 2177 de'Aracsa12),
1703 2118 1729 2162 s,
1754 2099 1874 2160 iacobi

133 2237 178 2297 de
203 2235 390 2316 Eremou),
415 2254 442 2296 8.
467 2236 719 2318 Margarethae
743 2237 787 2298 de
811 2236 1017 2318 Hahoth14),
1042 2257 1069 2300 s,
1091 2237 1238 2320 Georgii
1263 2239 1307 2299 (le
1330 2238 1472 2299 Dombo
1486 2241 1531 2316 1⁵),
1557 2256 1602 2299 ss.
1620 2236 1805 2299 Trinitatis
1831 2237 1875 2297 de

133 2375 255 2437 Siklos
271 2373 316 2455 ¹⁶),
341 2375 641 2455 praeposituras.
666 2376 853 2438 Benedicti
878 2378 922 2439 de
947 2375 1096 2458 Simigio
1121 2378 1209 2438 alias
1232 2374 1399 2468 Kaposfo'
1414 2378 1459 2454 ¹⁷).

269 2512 336 2574 His
360 2513 444 2575 addi
467 2523 619 2594 possunt
641 2513 728 2576 talia
751 2514 975 2593 monasteria,
1001 2533 1149 2594 quorum
1166 2514 1331 2595 origines
1353 2533 1567 2594 quamquam
1584 2512 1753 2574 historiae
1770 2513 1877 2573 docu-

132 2661 255 2713 menta
280 2651 419 2731 desunt,
444 2661 562 2713 tamen
587 2653 632 2713 ad
657 2653 747 2714 hanc
772 2661 927 2714 aetatem
943 2651 1153 2713 referendae
1170 2662 1269 2713 sunt:
1295 2671 1320 2712 s.
1340 2651 1454 2713 crucis
1471 2651 1571 2713 iuxta
1588 2650 1736 2730 Muram,
1754 2671 1779 2711 e.
1800 2670 1876 2711 cru-

132 2789 186 2849 cis
211 2790 256 2850 de
280 2788 420 2868 Vertes,
445 2809 472 2852 s,
497 2789 610 2851 crucis
636 2790 680 2850 de
704 2764 807 2851 Telki
822 2789 867 2868 18),
893 2809 920 2852 s.
938 2789 1083 2871 spiritus
1108 2791 1152 2851 de
1178 2790 1380 2867 Monostra,
1405 2811 1431 2850 s
1458 2788 1643 2851 Benedicti
1668 2789 1712 2849 de
1735 2788 1875 2859 Borchi‚

270 3057 291 3136 ι)
315 3060 473 3133 Regnante
497 3061 569 3116 Bela
592 3062 628 3116 ΙΙ.
659 3061 738 3117 1108
763 3079 780 3116 a
804 3061 933 3116 Martino
957 3063 1068 3116 comite
1092 3060 1280 3116 Saladinensi
1306 3060 1435 3116 condita.
1470 3062 1577 3114 Czinar
1601 3060 1618 3114 l.
1645 3078 1670 3113 c.
1696 3060 1717 3114 I.

267 3170 289 3249 ²)
314 3172 442 3228 Condita
466 3191 483 3227 a
507 3172 578 3228 Bela
603 3173 639 3228 ΙΙ.
673 3173 781 3229 Czinar
805 3173 822 3228 l.
849 3191 874 3228 c.
900 3173 922 3228 I.

267 3281 291 3360 ³)
315 3281 379 3339 Sub
403 3283 507 3358 Geysa
530 3285 568 3339 II.
598 3299 675 3356 1143
703 3286 824 3340 circiter
848 3298 916 3339 orta
939 3286 1047 3340 Czinar
1070 3283 1088 3339 Ι,
1114 3303 1139 3339 c.
1164 3284 1186 3339 1.

268 3392 290 3471 ⁴)
314 3396 425 3451 Erecta
450 3414 505 3471 per
528 3397 668 3470 Magnum
694 3396 806 3452 Bikach
831 3396 976 3470 regalium
1002 3398 1224 3452 tavernicorum
1250 3399 1433 3470 magistrum.
1467 3397 1575 3450 l'zinar
1598 3395 1615 3450 l.
1641 3416 1666 3450 c.
1692 3395 1713 3449 Ι.

268 3503 291 3583 5)
314 3508 382 3563 Dux
406 3508 495 3565 Belus
520 3509 619 3564 Banus
643 3511 724 3564 circa
753 3523 833 3580 1150
858 3509 915 3565 hoc
940 3511 1152 3564 monasterium
1179 3508 1311 3564 fundarit
1334 3511 1362 3562 in
1379 3508 1504 3582 proprio
1525 3506 1616 3561 fundo
1633 3526 1688 3561 suo
1706 3507 1781 3561 Caet
1799 3507 1878 3562 unde

133 3633 167 3676 ct
192 3621 430 3676 Bau-Monostra
453 3623 645 3677 nominatum.
679 3622 787 3677 Czinar
810 3621 828 3677 l.
853 3640 879 3677 c.
904 3622 926 3676 Ι.

268 3728 291 3810 6)
315 3733 464 3819 Erectum
483 3751 538 3808 per
561 3732 729 3789 Wolserum
754 3735 892 3790 comitem
917 3733 954 3788 de
977 3732 1103 3806 Gissing
1127 3752 1205 3788 anno
1234 3747 1312 3804 1157
1340 3732 1396 3789 sub
1420 3732 1524 3805 Geysa
1541 3749 1622 3804 rege.
1653 3732 1760 3786 Czinar
1777 3731 1794 3786 l.
1812 3750 1838 3786 c.
1856 3733 1879 3786 1.

270 3842 291 3920 ⁷)
315 3843 419 3899 Almus
443 3845 503 3899 dux
527 3845 617 3900 Belae
642 3846 678 3901 ΙΙ.
704 3847 784 3918 regis
808 3857 895 3919 pater
918 3848 1132 3900 monasterium
1157 3846 1215 3901 hoc
1240 3844 1384 3899 fundarit.
1416 3844 1523 3899 Czinar
1547 3843 1564 3897 l.
1589 3862 1615 3897 c.
1641 3844 1663 3897 Ι.

269 3950 292 4032 8)
316 3956 424 4012 Czinar
448 3956 466 4010 l.
492 3975 517 4011 c.
543 3958 564 4012 Ι.

267 4063 291 4145 9)
314 4068 530 4124 Monasterium
555 4068 614 4124 hoc
638 4087 655 4122 a
679 4069 820 4143 Cheparo
844 4082 874 4124 et
898 4069 974 4125 Poth
1000 4068 1143 4124 fratribus
1172 4069 1209 4124 de
1234 4081 1324 4142 gente
1348 4067 1545 4141 liederrarya
1569 4067 1703 4123 oriundis
1732 4087 1767 4122 ac
1797 4068 1880 4122 Hun-

135 4181 244 4252 gariae
267 4179 452 4254 proregibus
476 4198 553 4235 anno
582 4194 662 4253 1201)
687 4179 783 4236 ordini
808 4200 831 4236 s.
857 4180 1010 4236 Benedicti
1035 4193 1081 4235 est
1106 4180 1265 4236 conlatum.
1291 4181 1399 4235 Czinar
1424 4180 1441 4234 l.
1467 4199 1492 4234 c.
1519 4180 1540 4233 1.

255 4287 291 4367 ¹⁰)
314 4289 446 4347 Abbatia
470 4291 545 4348 haec
568 4291 747 4348 liberalitate
771 4294 889 4348 comitis
914 4292 1014 4347 Micha
1039 4294 1122 4347 initio
1147 4291 1259 4347 saeculi
1284 4292 1365 4346 ΧΙΙΙ.
1390 4294 1530 4346 surrexit.
1564 4292 1671 4347 Czinar
1694 4292 1711 4346 l.
1731 4310 1755 4346 c.
1781 4292 1802 4346 l.

257 4400 292 4481 11)
315 4404 533 4460 Monasterium
556 4405 615 4461 hoc
639 4403 791 4460 conditum
816 4415 862 4459 est
886 4422 904 4458 a
927 4402 1041 4460 lacobo
1065 4404 1206 4459 Nitriensi
1232 4405 1378 4478 episcopo
1403 4422 1482 4458 anno
1511 4418 1600 4474 1224.
1633 4404 1742 4459 Czinar
1767 4403 1784 4457 l.
1808 4423 1832 4456 c.
1858 4403 1881 4458 Ι.

261 4510 295 4592 ¹²)
319 4515 400 4571 Tres
424 4516 480 4571 hae
504 4514 643 4572 abbatiae
668 4518 725 4571 iam
750 4515 872 4572 saeculo
897 4515 969 4570 XIII
993 4517 1169 4571 floruerunt.

257 4624 291 4703 ¹³)
315 4626 362 4682 Ab
387 4627 509 4682 Andrea
533 4628 570 4683 ΙΙ.
596 4646 670 4702 rege
699 4641 780 4699 1230
804 4646 860 4702 pro
885 4628 1016 4683 eremitis
1040 4626 1301 4683 Benedictinorum
1326 4626 1456 4683 condita.
1490 4628 1597 4682 Czinar
1620 4627 1638 4681 l.
1665 4647 1689 4681 c.
1716 4627 1737 4680 Ι.
1797 4601 1798 4604 ¹

258 4736 292 4815 1⁴)
315 4739 474 4812 Regnante
498 4738 618 4795 Andrea
642 4741 679 4796 ΙΙ.
704 4758 778 4813 rege
802 4739 977 4813 Hungariae
1008 4758 1025 4793 a
1054 4741 1164 4795 comite
1188 4738 1329 4795 Hoholde
1358 4743 1484 4813 eiusque
1518 4739 1584 4794 filiis
1618 4737 1780 4794 fundatum.
1815 4737 1881 4791 (tzi-

135 4871 193 4908 nar
216 4852 235 4907 l.
261 4870 287 4907 c.
312 4853 334 4906 1.

257 4961 291 5043 ¹⁵)
315 4964 394 5022 Ante
418 4982 525 5020 annum
553 4978 631 5037 1247
658 4966 872 5021 monasterium
896 4965 954 5020 hoc
979 4966 1035 5019 iam
1060 4965 1173 5020 floruit.
1205 4964 1314 5021 Czinar
1338 4963 1355 5017 l.
1382 4983 1407 5018 c.
1433 4964 1454 5017 1.

261 5071 295 5154 ¹⁶)
319 5077 462 5134 Erectum
485 5090 554 5133 ante
578 5096 684 5133 annum
714 5092 794 5150 1249
819 5096 837 5132 a
861 5076 924 5133 lula
948 5078 1040 5132 Ban0.
1075 5078 1183 5133 Czinar
1207 5077 1224 5132 Ι.
1250 5095 1275 5131 c.
1300 5077 1322 5130 l.

260 5187 295 5266 ¹⁷)
318 5190 533 5264 Praepositum
564 5190 638 5245 haec
670 5202 716 5246 est
747 5189 870 5245 lundata
899 5208 979 5245 anno
1016 5204 1093 5261 1252
1127 5187 1165 5244 ab
1194 5189 1281 5262 Moys
1305 5201 1335 5243 et
1358 5186 1530 5243 Alexandro
1562 5185 1629 5242 filiis
1659 5187 1747 5260 Moys
1771 5188 1882 5258 Magni.

136 5305 252 5358 lsszinar
275 5302 293 5356 l.
318 5320 343 5357 c.
369 5304 391 5359 Ι.

261 5408 294 5491 ¹⁸)
318 5415 375 5471 Per
397 5413 595 5470 Wladislaum
614 5413 650 5469 ΙΙ.
676 5432 779 5487 regem
796 5414 971 5487 Hungariae
1000 5412 1079 5483 1516
1105 5412 1198 5467 Monti
1226 5412 1397 5467 Pannoniae
1422 5410 1614 5468 adtributum.
1648 5412 1756 5467 Czinar
1779 5413 1796 5467 Ι.
1814 5430 1840 5464 c.
1863 5411 1893 5470 1.
