4252 6112
923 483 1203 550 ,411-

190 693 284 734 mum
302 671 390 733 obiit
407 671 500 733 diem
521 691 633 733 rever.
656 671 746 732 dom.
769 671 882 731 abbas
898 669 1022 751 Augu·

191 795 314 875 stinuS,
332 804 523 875 postquam
545 797 579 855 18
598 792 699 855 annis
715 791 905 874 Raigradii
921 809 1023 873 prae·

191 916 266 996 fuit,
292 925 328 977 et
354 916 477 995 elapso
500 916 546 975 ab
570 914 646 976 eius
668 914 767 976 obitu
792 917 821 977 8.
845 931 967 974 mense
988 911 1024 972 in

192 1058 284 1100 nova
301 1037 473 1099 electione
493 1045 636 1117 praeter
652 1036 939 1117 expectationem
952 1047 1023 1097 om-

192 1161 286 1221 nium
304 1178 379 1221 sors
397 1158 432 1220 in
448 1157 631 1220 Victorem
652 1157 796 1238 excidit,
819 1156 878 1238 qui
898 1175 1024 1219 secun·

193 1283 258 1343 dus
273 1280 549 1363 Raigradiensis
571 1281 684 1342 abbas
713 1284 760 1342 16.
778 1277 877 1360 Sept.
903 1282 981 1339 1832
1002 1298 1024 1339 a

192 1423 284 1465 novo
309 1402 479 1483 episcopo
504 1400 680 1462 Brunensi
700 1399 891 1462 Francisco
915 1396 1023 1461 Gindl

193 1524 409 1586 abbatialem
438 1523 724 1586 benedictionem
754 1520 905 1602 accepit.
940 1519 1023 1582 Fuit

193 1655 312 1707 autem
329 1648 443 1707 abbas
459 1645 585 1708 Victor
600 1645 654 1708 vir
680 1682 720 1690 —
744 1654 781 1706 ut
802 1653 883 1705 utar
903 1642 1022 1704 verbis

193 1786 220 1829 s.
238 1764 402 1847 Gregorii
418 1768 542 1848 Papae
562 1804 604 1812 -
627 1765 845 1849 cogitatione
861 1766 1022 1845 mundus,

194 1888 333 1950 actione
360 1889 586 1970 praecipuus,
614 1888 788 1951 discretus
813 1887 848 1949 in
872 1885 1022 1966 silentiu,

194 2010 289 2071 utilis
303 2010 338 2071 in
348 2013 468 2091 verb0,
482 2011 631 2092 singulis
644 2009 890 2092 compassione
903 2007 1023 2090 proxi-

195 2151 283 2212 muS,
301 2152 388 2213 prae
406 2131 543 2194 cunctis
560 2131 858 2212 contemplatione
875 2149 1023 2211 suspen-

198 2273 267 2335 sus,
278 2255 370 2315 bene
381 2253 570 2336 agentibus
581 2253 1022 2335 perhumilitatemsocius,

195 2387 317 2437 contra
332 2375 608 2456 delinquentium
620 2374 708 2437 vitia
724 2393 789 2455 per
801 2376 913 2436 zelum
925 2373 1024 2436 iusti·

194 2498 264 2559 tiae
282 2507 432 2577 erectus,
449 2497 665 2559 internorum
682 2495 717 2558 in
734 2496 949 2559 exteriorum
966 2517 1023 2560 oc·

194 2620 384 2699 copatione
401 2638 520 2680 curam
538 2639 607 2681 non
620 2617 791 2699 minuenS,
809 2619 1023 2682 exteriorum

194 2741 454 2822 providentiam
486 2741 520 2802 in
551 2740 768 2802 internorum
800 2740 1022 2804 solicitudine

194 2883 263 2924 non
277 2862 488 2942 relinquens.
506 2862 587 2923 Zelo
601 2862 726 2924 domus
739 2862 807 2925 Dei
820 2873 856 2925 et
869 2863 1023 2946 discipli-

194 3005 261 3046 nae
271 2983 445 3065 regularis
454 2985 891 3066 totusaestuabat,hisque
901 3005 1023 3049 omnes

194 3105 299 3166 animi
320 3105 373 3166 sui
396 3106 601 3186 praeclaras
625 3108 727 3169 dotes
751 3107 833 3170 inde
857 3110 903 3170 ab
923 3107 1023 3172 initio

194 3226 374 3308 regiminis
391 3226 582 3288 dedicabat
599 3228 859 3311 promovendis,
881 3249 1023 3311 semper

193 3348 309 3409 animo
325 3348 501 3426 volutanS,
523 3358 744 3430 quantopere
767 3350 955 3433 disciplina
970 3371 1024 3413 re·

194 3468 326 3551 gularis
353 3467 598 3550 perfectioque
626 3469 793 3552 religiosa
816 3472 891 3533 sola
916 3473 1023 3534 bene-

194 3590 382 3651 dictionem
401 3590 593 3651 coelestem
615 3590 650 3652 in
671 3591 775 3653 terris
795 3591 865 3654 iam
885 3613 1023 3674 prome·

194 3723 311 3772 reatur
326 3711 526 3791 fratresque
542 3712 650 3773 beare
672 3712 796 3794 possit.
819 3713 902 3775 Pari
919 3715 1023 3777 modo

194 3844 229 3892 et
254 3832 370 3893 studio
396 3832 502 3894 etiam
530 3832 794 3895 meliorationes
822 3844 858 3896 et
885 3835 1023 3898 ordina-

194 3953 309 4015 tiones
325 3953 556 4015 oeconomiae
573 3964 609 4016 et
626 3955 764 4017 externi
782 3966 896 4019 status
913 3959 1022 4020 nostri

193 4078 480 4156 prosequebatur
501 4076 653 4138 decursu
669 4077 851 4160 regiminis
867 4077 931 4160 sui,
952 4098 1023 4160 quo

198 4201 276 4273 1848
294 4217 388 4258 nova
411 4196 646 4260 inchoabatur
668 4199 886 4281 reipublicae
909 4220 1023 4283 aeque

193 4338 234 4379 ac
259 4319 434 4381 ecclesiae
459 4329 560 4381 aetas
583 4331 619 4382 et
643 4322 738 4402 apud
763 4341 841 4403 neS,
866 4321 1024 4403 seposita

193 4439 286 4500 omni
302 4459 444 4522 pompa,
470 4441 527 4504 cui
544 4441 684 4503 omnino
700 4461 817 4504 rerum
839 4441 950 4505 facies
969 4463 1023 4506 re·

193 4563 389 4642 pugnabat,
410 4561 541 4624 festum
557 4564 739 4624 saeculare
760 4573 926 4626 octavum
951 4584 1023 4626 mo·

193 4681 337 4743 nasterii
352 4683 610 4748 celebrabatur.
631 4683 758 4746 Mirum
771 4703 857 4747 sane
871 4695 907 4749 et
920 4685 1022 4748 nimis

193 4803 338 4885 longum
355 4807 400 4867 ad
417 4807 694 4869 enumerandum
709 4804 811 4888 foret,
829 4808 924 4888 quod
940 4806 1023 4869 Vic-

193 4934 248 4986 tor
264 4926 378 4987 abbas
395 4927 429 4987 in
445 4928 577 4989 bonum
593 4927 740 4989 fratrum
757 4946 871 5009 aeque
888 4947 930 4990 ac
942 4930 1022 4990 sub-

193 5046 344 5108 ditorum
373 5067 438 5129 per
467 5069 505 5109 22
535 5067 648 5110 annos
678 5048 830 5129 perfecit
856 5049 1022 5129 quodque

193 5167 339 5229 historia
370 5170 495 5230 domus
527 5178 671 5231 aeterno
706 5170 845 5234 notavit
876 5170 1021 5233 cala'm0.

198 5293 243 5351 15.
258 5289 332 5353 Ι1111.
351 5293 430 5367 1854
445 5290 601 5352 Brunam
618 5301 654 5353 et
670 5291 751 5355 inde
767 5291 802 5355 in
815 5291 1023 5354 Bohemiam

1103 664 1236 747 gustini
1260 684 1281 725 a
1306 663 1484 725 cardinale
1509 663 1679 744 episcopo
1704 664 1932 730 Schwarzen-

1103 789 1193 868 berg
1210 786 1419 868 designatus
1435 786 1532 866 abiit,
1549 788 1643 848 unde
1659 788 1776 850 medio
1793 790 1856 852 Iul.
1878 810 1931 852 re-

1104 911 1186 989 dux,
1205 910 1340 990 aliquot
1357 909 1432 971 dies
1446 929 1553 971 sanus
1566 919 1755 991 utcunque,
1765 923 1821 972 ast
1835 911 1932 973 defa-

1103 1031 1237 1113 tigatus
1251 1050 1297 1092 ex
1310 1031 1434 1094 itinere
1448 1052 1512 1094 nec
1526 1052 1595 1095 non
1608 1033 1731 1095 morali
1744 1032 1932 1096 affectione

1103 1162 1253 1233 accepta
1270 1153 1453 1235 transegit,
1470 1174 1605 1217 summo
1620 1174 1698 1217 cum
1712 1154 1844 1237 gaudio
1861 1156 1932 1236 spi-

1102 1273 1221 1335 rituali
1245 1274 1285 1335 P.
1312 1272 1465 1357 Stoeger
1488 1295 1558 1339 soc.
1584 1277 1665 1339 Iesu
1692 1279 1737 1340 ad
1761 1279 1933 1341 exercitia

1103 1394 1302 1476 spiritualia
1337 1398 1499 1458 ducenda
1534 1400 1832 1478 praestolaturus,
1869 1402 1933 1463 sed

1102 1517 1193 1597 proh
1218 1517 1318 1579 dolor
1338 1529 1442 1581 nocte
1463 1524 1510 1583 16.
1528 1520 1622 1603 Aug.
1645 1521 1838 1603 apoplexia
1859 1533 1932 1585 tac-

1103 1647 1160 1699 tus
1172 1639 1260 1700 hora
1270 1642 1288 1700 6
1297 1641 1331 1720 V,
1343 1660 1455 1721 mane,
1468 1642 1699 1705 sacramentis
1708 1643 1932 1707 morientium

1103 1758 1267 1840 munituS,
1285 1760 1436 1823 animam
1449 1763 1527 1824 Deo
1543 1763 1706 1826 reddidit.
1732 1763 1840 1827 Cuius
1857 1786 1933 1828 cor·

1102 1901 1170 1962 pus
1192 1885 1227 1943 18
1244 1884 1277 1943 h.
1298 1900 1362 1963 per
1379 1885 1548 1945 abbatem
1565 1904 1591 1948 s.
1608 1885 1844 1949 Thomensem
1864 1889 1932 1950 sol·
1982 1897 1985 1903 '

1103 2000 1210 2065 lemni
1225 2002 1295 2065 ritu
1312 2005 1519 2084 sepulturae
1535 2006 1702 2069 traditum
1720 2017 1784 2070 est.

1191 2143 1367 2206 Elenchus
1379 2164 1526 2226 operum
1539 2148 1857 2229 manuscriptorum
1866 2173 1900 2233 p.
1908 2163 1931 2215 t.

1103 2263 1259 2326 Victoris
1277 2264 1480 2330 Schlossar:

1191 2408 1213 2464 1.
1228 2409 1392 2484 Catalogns
1405 2412 1518 2468 archivi
1528 2431 1607 2469 mon.
1618 2413 1843 2488 Raigradiensis
1853 2436 1933 2474 sum·

1103 2530 1151 2567 ma
1168 2512 1312 2569 industria
1328 2533 1407 2571 anno
1429 2515 1510 2588 1840
1527 2516 1683 2574 conlectus
1705 2533 1734 2574 et
1751 2518 1870 2577 duobus
1887 2535 1932 2578 to·

1103 2619 1159 2672 mis
1176 2618 1423 2694 comprehensus.
1442 2621 1506 2678 Fol.
1524 2636 1584 2693 315
1604 2635 1634 2678 et
1655 2621 1711 2695 165
1732 2642 1760 2698 p.

1191 2739 1228 2795 H.
1260 2739 1466 2798 Institutiones
1498 2743 1709 2820 philosophiae
1736 2746 1932 2815 theoreticae,

1103 2845 1120 2898 i.
1139 2861 1165 2898 e.
1183 2844 1284 2917 logica
1301 2860 1331 2901 et
1347 2847 1554 2922 metaphisica,
1580 2849 1688 2906 tradita
1711 2868 1772 2907 sec.
1794 2851 1894 2928 Carpe
1915 2871 1933 2908 a

1103 2947 1139 3003 D.
1158 2948 1289 3023 losepho
1308 2950 1460 3025 Wittgens
1484 2965 1515 3008 et
1538 2955 1712 3029 conscripta
1736 2973 1815 3010 anno
1841 2955 1930 3028 1813.

1102 3053 1158 3108 Ms.
1173 3071 1244 3127 pap.
1258 3055 1286 3108 in
1300 3073 1360 3110 uno
1372 3053 1445 3111 fasc.
1456 3055 1536 3131 plag.
1550 3074 1600 3129 44,
1614 3059 1678 3114 sine
1687 3077 1757 3133 pag.
1771 3061 1847 3116 hisn.
1859 3058 1931 3132 483.

1103 3154 1188 3229 Sign.
1207 3152 1286 3231 ΗΚ.
1304 3158 1342 3214 ΙΙ.
1359 3177 1386 3213 a.
1405 3175 1456 3232 49,
1474 3163 1502 3215 in
1518 3158 1592 3217 bibl.

1190 3279 1242 3335 Ill.
1256 3280 1462 3337 Institutiones
1476 3283 1685 3359 philosophiae
1695 3288 1848 3361 practicae
1858 3288 1932 3344 ethi·

1104 3397 1185 3439 caet
1201 3386 1246 3439 ius
1263 3385 1515 3460 philosophicum,
1533 3406 1650 3445 conscr.
1667 3407 1746 3446 anno
1767 3389 1858 3464 1814.
1876 3393 1931 3449 Ms.

1104 3506 1173 3563 pap.
1191 3489 1219 3543 in
1241 3487 1276 3545 18
1295 3501 1370 3545 tern.
1389 3492 1452 3546 sine
1469 3510 1538 3566 pag.
1556 3493 1585 3547 in
1602 3498 1643 3563 4⁰.
1660 3493 1737 3549 hlsn.
1754 3492 1827 3567 484.
1845 3494 1931 3571 Sign.

1103 3591 1181 3664 FJK.
1200 3592 1236 3648 ΙΙ.
1254 3611 1280 3648 a.
1298 3607 1349 3664 50,
1367 3592 1438 3650 bibl.

1190 3714 1240 3770 IV.
1270 3715 1406 3772 Historia
1432 3717 1640 3775 ecclesiastica
1662 3721 1802 3776 universa
1826 3722 1935 3778 tradita

1105 3835 1167 3874 sec.
1185 3819 1397 3894 Dannemayer
1413 3840 1430 3876 a
1447 3822 1592 3877 Zacharia
1609 3823 1715 3879 Parma
1735 3825 1829 3882 schol.
1847 3828 1934 3902 piar,

1104 3921 1202 3980 deser.
1224 3942 1303 3980 anno
1326 3923 1414 3982 1816.
1443 3927 1499 3982 his.
1526 3945 1595 4002 pap.
1621 3929 1774 3985 terniones
1798 3943 1845 4001 13,
1871 3932 1935 3986 sine

1104 4045 1173 4102 pag.
1191 4030 1220 4083 in
1236 4035 1278 4100 4⁰.
1304 4030 1380 4085 Msn.
1398 4044 1471 4102 440.
1497 4029 1580 4104 Sign.
1598 4030 1675 4098 FlK.
1698 4033 1735 4090 11.
1756 4052 1784 4090 a.
1805 4048 1835 4104 3,
1859 4032 1932 4090 bibl.

1189 4151 1225 4207 V.
1243 4152 1458 4228 interpretatio
1474 4166 1504 4209 et
1521 4155 1625 4228 exegis
1642 4152 1708 4210 libri
1722 4155 1801 4211 Ruth
1818 4169 1848 4211 et
1864 4155 1930 4212 libri

1103 4253 1255 4311 Habakuk
1282 4255 1413 4312 dictante
1443 4257 1474 4312 P.
1502 4258 1617 4332 Cyrillo
1643 4259 1730 4335 Napp
1758 4259 1834 4316 stud.
1859 4259 1932 4317 bibl.

1103 4359 1138 4416 V.
1153 4359 1191 4416 T.
1209 4358 1287 4436 prof.
1305 4363 1424 4436 excepit
1440 4379 1518 4417 anno
1536 4360 1626 4419 1816.
1644 4364 1699 4420 his.
1713 4382 1783 4439 pap.
1799 4366 1857 4435 1113
1874 4377 1934 4421 ter·

1103 4462 1252 4520 nionibus.
1270 4474 1313 4535 40.
1335 4466 1399 4520 sine
1416 4483 1485 4540 pag.
1508 4467 1584 4522 Msn.
1602 4482 1675 4540 459.
1697 4466 1781 4542 Sign.
1800 4466 1876 4541 Fsx.
1896 4469 1933 4524 ll.

1104 4586 1129 4623 a.
1149 4582 1200 4640 24,
1217 4566 1289 4624 bibl.

1190 4690 1240 4747 VI.
1265 4691 1369 4747 Codex
1393 4694 1444 4765 qui
1466 4695 1612 4748 continet:
1636 4694 1669 4764 a)
1688 4691 1810 4749 brevem
1834 4712 1934 4767 gram·

1103 4796 1242 4851 maticam
1260 4793 1450 4861 Hebraicam,
1468 4795 1499 4865 l)
1514 4799 1584 4852 item
1600 4795 1800 4864 Aramaicam,
1818 4798 1846 4865 c)
1862 4798 1932 4853 item

1103 4898 1276 4964 Arabicam,
1293 4899 1325 4970 d)
1341 4897 1378 4954 de
1387 4899 1436 4956 tl'.
1447 4899 1574 4955 Hetzelii
1588 4902 1782 4974 grammatica
1791 4899 1932 4965 Arabica,

1060 5040 1064 5059 2
1103 5005 1130 5076 e)
1144 5004 1303 5058 versiones
1320 5000 1638 5077 Syriaco-chaldaicae
1658 5022 1695 5060 ac
1710 5002 1860 5060 Arabicae
1877 5023 1933 5061 nec

1060 5064 1063 5197 1
1103 5125 1163 5162 11011
1176 5108 1451 5182 interpretationes,
1465 5125 1526 5163 sec.
1536 5106 1629 5183 prael.
1640 5106 1742 5181 Cyrilli
1752 5110 1839 5183 Napp
1852 5107 1930 5184 prof.

1103 5229 1181 5266 anno
1196 5209 1362 5285 1816—17
1374 5231 1491 5268 conscr.
1505 5212 1560 5268 Ms.
1572 5230 1643 5288 pap.
1654 5214 1682 5267 in
1691 5212 1772 5287 plag.
1782 5232 1811 5288 p.
1823 5210 1852 5280 6,
1862 5227 1892 5286 5,
1902 5227 1933 5286 5,

1103 5329 1178 5371 tern.
1195 5313 1224 5382 8,
1243 5330 1293 5372 20.
1315 5323 1358 5388 4⁰.
1381 5316 1456 5373 Msn.
1473 5330 1536 5389 500
1553 5311 1669 5394 (Ι-ἢ
1696 5314 1781 5391 Sign.
1798 5317 1876 5389 Ff'K.
1895 5317 1932 5373 11.

193 5429 263 5490 qua
276 5411 508 5474 convisitator
520 5412 812 5476 monasteriorum
824 5413 898 5475 ord.
912 5431 938 5476 s.
949 5412 1022 5474 Au·
1059 5410 1064 5496 l
1103 5437 1130 5474 α.
1148 5433 1178 5492 5,
1195 5418 1267 5476 bibl.

1675 5521 1728 5583 52*
