4252 6112
920 496 1199 566 -3,0..

191 679 368 742 historicis
384 681 531 742 multum
548 691 753 764 occupatus,
777 682 858 744 dein
879 681 1020 743 abbatis

191 801 335 864 Martini
348 801 445 864 vices
458 823 597 885 gerens,
615 803 778 865 inlocum
791 801 949 865 defuncti
963 802 1020 864 die

196 929 243 988 16.
259 924 346 986 Maii
367 929 445 1003 1703
464 926 577 987 abbas
594 925 729 988 electus
752 933 816 987 est.
847 923 1020 987 Omnibus

189 1046 326 1130 ingenii
360 1045 590 1109 facultatibus
626 1057 662 1108 et
693 1046 800 1109 animi
829 1046 1020 1109 virtutibus

190 1168 375 1250 praeditus
405 1170 451 1230 ad
481 1186 607 1230 munus
642 1169 732 1229 adeo
768 1168 923 1249 amplum
954 1168 1020 1230 rite

191 1291 403 1371 obeundum,
421 1290 656 1352 antecessoris
672 1290 829 1352 inlustris
845 1289 1020 1371 principia

191 1422 350 1494 secutus,
374 1414 484 1475 multa
507 1423 543 1475 et
564 1412 690 1496 gravia
712 1413 804 1474 mala
827 1431 1020 1493 perpessus

192 1545 257 1617 cst,
274 1546 312 1598 ut
328 1536 518 1617 aliquando
534 1535 621 1618 fuga
637 1535 705 1598 sibi
721 1536 905 1598 consulere
919 1554 1020 1597 coac-

191 1668 249 1721 tus
266 1666 372 1738 esset,
389 1657 551 1738 quamvis
566 1657 671 1718 etiam
684 1657 776 1719 inter
787 1676 885 1719 arma
899 1675 1020 1719 musae

191 1781 382 1843 Blasianae
398 1799 577 1860 nunquam
595 1779 780 1859 tacuerint,
803 1787 839 1840 et
855 1797 900 1840 ex
916 1788 1021 1860 typo-

193 1902 345 1985 graphia
360 1879 529 1964 Blasiana
553 1903 654 1982 plura
678 1921 788 1983 opera
812 1902 918 1962 docta
941 1919 1021 1981 pro·

192 2025 330 2089 dierint.
358 2023 454 2086 Mala
480 2021 662 2087 Gallorum
683 2022 786 2085 bellis
806 2020 1021 2084 monasterio

195 2146 329 2209 inflicta
345 2156 407 2208 aut
422 2145 607 2227 intentata,
628 2146 728 2228 leges
749 2145 783 2243 ln
804 2144 1021 2226 publico-ec·

193 2269 401 2332 clesiasticis
417 2269 511 2331 latae
526 2267 749 2330 monasteriis
761 2266 923 2347 infestae,
936 2265 1021 2329 fluc-

194 2403 298 2456 tuans
321 2392 539 2474 reipublicae
556 2390 767 2473 Brisgoviae
792 2389 947 2453 conditio
970 2389 1021 2452 in-

194 2534 349 2597 genuum
373 2512 514 2575 abbatis
538 2512 692 2575 animum
716 2513 813 2575 luctu
837 2520 873 2574 et
896 2511 1021 2574 timore

193 2636 399 2700 affecerunt.
411 2636 467 2699 lta
476 2634 567 2697 inter
578 2655 677 2717 spem
687 2644 723 2698 et
732 2645 864 2697 metum
873 2654 1022 2715 suspen-

194 2779 263 2838 suS,
280 2769 316 2821 et
332 2757 482 2820 amicum
505 2758 672 2819 abbatem
693 2776 720 2819 s.
737 2757 836 2819 Petri
860 2756 897 2819 in
919 2756 1022 2839 nigra

194 2882 284 2945 silva
307 2880 457 2943 visitans
481 2879 663 2960 inopinato
688 2877 881 2960 apoplexia
904 2886 1022 2941 tactus

193 3003 281 3066 obiit
298 3002 355 3064 die
376 3007 422 3065 ro.
440 3001 528 3064 Nov.
550 3005 639 3063 1801.
664 3000 737 3063 Iste
754 3021 780 3062 s.
794 2999 893 3063 Petri
909 3001 1022 3062 abbas

193 3124 354 3207 Ignatius
371 3123 526 3205 Speckle
547 3123 682 3185 obitum
702 3122 793 3186 tanti
814 3122 880 3185 viri
901 3122 936 3185 in
958 3141 1021 3184 suo

194 3247 306 3309 diario
321 3247 451 3308 acerbe
467 3257 684 3327 conquestus
706 3254 770 3326 est,
792 3245 961 3325 scribens,
983 3264 1022 3306 se

193 3370 309 3450 ipsum
321 3368 519 3450 perdidisse
533 3377 717 3449 potentem
729 3367 902 3430 fautorem
919 3378 955 3429 et
971 3366 1021 3429 in·

193 3491 317 3553 timum
326 3490 485 3570 amicum,
500 3489 641 3552 ordines
650 3490 861 3572 Brisgoviae
871 3489 1021 3571 primum

192 3622 230 3676 et
252 3612 458 3675 acerrimum
479 3613 651 3694 sodalem,
680 3614 831 3674 abbates
857 3611 1022 3693 dignissi-

192 3756 286 3798 mum
303 3744 339 3798 et
355 3755 433 3797 cum
446 3734 599 3797 maxime
612 3744 797 3798 actuosum
810 3733 1020 3815 praesidem,

192 3858 379 3921 ecclesiam
396 3857 610 3939 intrepidum
625 3867 788 3938 tutorem,
805 3855 952 3938 quirem
967 3874 1021 3917 re·

193 3980 336 4061 ligionis
356 4000 473 4042 coram
490 3980 717 4062 magnatibus
744 3987 780 4040 et
800 3976 1022 4059 principibus

196 4120 257 4163 ore
273 4113 309 4163 et
325 4102 459 4163 calamo
472 4100 699 4180 defendebat,
717 4111 753 4161 et
770 4099 1021 4161 monasterium

194 4244 220 4285 s.
239 4222 349 4285 Blasii
366 4223 399 4284 in
415 4224 523 4284 rebus
543 4224 633 4285 adeo
655 4223 774 4284 arduis
795 4221 970 4304 insignem
987 4230 1023 4284 et

195 4344 357 4406 omnibus
372 4342 493 4425 magni
510 4344 734 4407 aestimatum
751 4342 957 4406 antistitem.

279 4464 448 4546 Sequitur
465 4465 541 4528 eius
557 4466 850 4547 manuscriptum:

280 4593 413 4648 Diarium
431 4611 455 4648 s.
474 4592 565 4647 Blasii
582 4591 619 4647 dc
635 4610 713 4648 anno
732 4589 909 4665 1768-83.
927 4591 1021 4648 Unum

192 4698 332 4754 volumen
349 4694 389 4776 (in
406 4694 499 4775 folio),
522 4698 654 4753 continet
675 4695 745 4752 lolia
766 4711 840 4768 331,
866 4710 896 4753 et
918 4696 1022 4752 adscr-

192 4815 280 4859 vatur
296 4803 323 4857 in
340 4803 463 4858 archivo
481 4799 690 4858 San-Paulano
707 4801 762 4857 N0.
785 4799 853 4875 167.

277 4950 1022 5045 RichterBenedictus(Raigradien-

191 5079 283 5159 sis),
308 5088 412 5141 natus
436 5080 588 5143 Priborii
611 5080 646 5142 in
670 5081 832 5144 Moravia
861 5102 907 5144 11.
929 5081 1020 5144 Nov.

198 5219 274 5279 1791
293 5200 329 5262 in
346 5220 372 5263 s.
390 5201 607 5283 baptismate
623 5203 651 5264 F
654 5203 832 5265 ranciscus
849 5204 944 5266 Xav.
961 5223 1022 5266 vo-

1101 682 1293 744 damentali
1317 682 1513 746 litterarum
1537 705 1656 748 amore
1687 686 1868 748 imbutus
1893 705 1961 767 per

1100 814 1221 885 patres
1238 805 1436 868 scholarum
1454 806 1592 887 piarum
1613 808 1761 871 iuvenis
1787 808 1959 890 optimae

1100 924 1228 988 indolis
1241 927 1359 988 studia
1369 928 1576 990 humaniora
1585 929 1620 991 in
1630 930 1840 1012 gymnasio
1855 928 1959 992 urbis

1100 1045 1255 1128 patriae,
1281 1048 1377 1128 quod
1397 1068 1463 1110 sex
1485 1050 1642 1112 habebat
1666 1053 1829 1134 classeS,
1858 1070 1958 1115 anno

1105 1171 1184 1229 1808
1200 1168 1335 1248 optimo
1352 1189 1430 1231 cum
1452 1189 1618 1234 successu
1640 1173 1811 1236 absolvit
1837 1185 1877 1236 et
1905 1174 1958 1236 in·

1100 1298 1205 1351 natae
1219 1289 1286 1351 sibi
1299 1292 1345 1351 ad
1358 1291 1509 1354 docendi
1521 1313 1648 1357 munus
1661 1293 1821 1357 libidini
1833 1295 1956 1358 indul·

1099 1429 1189 1493 gens
1206 1410 1365 1474 ordinem
1380 1413 1495 1496 ipsum
1509 1416 1548 1479 P.
1562 1415 1785 1480 Calasanctii
1806 1417 1954 1500 ingres·

1100 1550 1159 1594 sus
1176 1531 1211 1594 in
1227 1533 1540 1617 Vetero·Aquensi
1556 1539 1710 1621 collegio
1727 1561 1802 1621 per
1820 1543 1954 1604 decur-

1101 1672 1178 1715 sum
1193 1655 1277 1716 anni
1293 1675 1376 1718 suas
1393 1658 1439 1719 ad
1456 1658 1532 1720 eius
1552 1659 1695 1741 generis
1718 1661 1876 1724 labores
1899 1662 1952 1724 fa·

1100 1776 1252 1838 cultates
1261 1780 1437 1858 probavit.
1454 1781 1648 1862 Postquam
1660 1802 1747 1846 vero
1766 1804 1811 1847 se
1824 1784 1948 1866 ipsum

1099 1911 1327 1979 perspectum
1349 1910 1532 1983 totumque
1554 1911 1729 1966 tentatum
1752 1907 1945 1988 cognovit,

1100 2019 1215 2082 ordini
1235 2021 1408 2084 valedixit
1432 2032 1467 2085 et
1487 2023 1642 2086 Brunam
1666 2025 1801 2088 studiis
1825 2027 1944 2108 philo·

1101 2143 1257 2223 sophicis
1282 2144 1452 2207 insudans
1475 2166 1514 2208 se
1540 2147 1705 2228 contulit,
1729 2168 1827 2229 quae
1860 2155 1938 2212 1811

1101 2264 1255 2356 omnium
1271 2265 1339 2328 sibi
1355 2267 1460 2329 laude
1476 2277 1602 2349 parata
1624 2267 1749 2331 finivit.
1782 2269 1940 2334 Instanti

1101 2407 1193 2449 nunc
1209 2398 1398 2469 momento,
1421 2408 1490 2470 quo
1507 2391 1612 2453 animi
1629 2411 1773 2454 cursum
1795 2395 1844 2456 ad
1866 2413 1939 2456 cer·

1101 2518 1175 2571 tum
1188 2509 1283 2571 vitae
1300 2519 1431 2573 statum
1448 2511 1649 2594 eligendum
1666 2514 1853 2597 dirigeret,
1873 2517 1937 2578 cir·

1101 2633 1316 2713 cumspectis
1342 2636 1448 2697 rebus
1473 2635 1635 2698 omnibus
1659 2635 1936 2720 rationibusque

1102 2754 1287 2816 subductis
1315 2756 1433 2818 studia
1463 2758 1665 2840 theologiae
1692 2760 1936 2840 amplexanda

1102 2876 1285 2940 constituit
1301 2886 1337 2939 et
1350 2878 1501 2959 primum
1513 2880 1636 2942 horum
1649 2900 1781 2942 annum
1791 2881 1936 2944 Brunae

1102 2998 1247 3061 audivit.
1273 2998 1387 3080 Quum
1403 3020 1489 3063 vero
1506 3013 1696 3064 extraneus
1718 3002 1752 3064 in
1775 3003 1936 3068 alumna·

1102 3130 1176 3183 tum
1192 3121 1308 3202 ipsum
1325 3123 1457 3204 suscipi
1470 3122 1601 3186 frustra
1613 3133 1800 3207 tentasset,
1818 3147 1935 3209 neque

1103 3243 1300 3306 subsidium
1331 3244 1475 3325 aliquod
1505 3246 1700 3327 obtineret,
1733 3258 1770 3309 et
1804 3248 1936 3311 exinde

1102 3366 1235 3428 victum
1248 3367 1489 3448 vestitumque
1505 3367 1573 3429 sibi
1590 3386 1800 3449 comparare
1816 3371 1935 3452 priva·

1102 3486 1164 3549 tim
1178 3488 1359 3551 edocendo
1373 3509 1503 3569 pueros
1516 3502 1713 3572 cogeretur,
1727 3493 1890 3556 maxima
1902 3496 1934 3557 in

1102 3628 1166 3689 spe
1184 3611 1407 3692 constitutus,
1424 3611 1499 3673 fore
1513 3623 1551 3674 ut
1563 3612 1703 3695 Pragae
1716 3633 1853 3677 munus
1864 3637 1935 3678 ma-

1102 3732 1204 3812 gistri
1221 3733 1353 3814 privati
1369 3733 1529 3796 obtinere
1544 3735 1667 3815 possit,
1683 3735 1718 3797 in
1731 3736 1934 3817 praefatam

1102 3873 1141 3916 se
1158 3855 1306 3917 contulit
1322 3855 1512 3937 civitatem,
1529 3857 1591 3919 ubi
1607 3858 1819 3922 necessariis
1834 3860 1933 3923 vitae

1101 3976 1186 4039 licet
1206 3977 1405 4040 omnimode
1429 3978 1631 4060 instructus,
1654 3979 1787 4043 frustra
1813 3990 1933 4045 tamen

1102 4119 1168 4181 per
1183 4110 1323 4181 tempus
1340 4101 1518 4164 vocationi
1533 4103 1693 4165 internae
1710 4103 1854 4186 restitit,
1872 4107 1933 4168 do·

1102 4243 1167 4284 nec
1185 4224 1230 4284 ad
1246 4222 1365 4285 studia
1381 4224 1584 4305 theologiae
1601 4208 1843 4288 continuanda
1860 4227 1933 4290 ani·

1103 4365 1197 4407 mum
1209 4347 1422 4426 adverteret,
1436 4366 1583 4426 quorum
1597 4367 1726 4409 annum
1737 4350 1933 4411 secundum

1102 4478 1138 4532 ct
1151 4469 1293 4531 tertium
1303 4469 1442 4551 Pragae
1457 4471 1502 4531 ad
1514 4467 1619 4532 finem
1629 4470 1809 4551 perduxit.
1825 4471 1932 4535 Vitae

1101 4611 1186 4653 vero
1212 4590 1421 4672 tranquillae
1445 4590 1480 4653 in
1506 4592 1678 4654 coenobio
1701 4596 1933 4675 peragendae

1102 4712 1278 4775 desiderio
1298 4711 1455 4795 flagrans
1480 4734 1573 4776 anno
1598 4717 1676 4775 1815
1701 4713 1748 4775 ad
1771 4725 1932 4778 nostrum

1101 4834 1248 4916 pulsans
1265 4836 1515 4898 monasterium
1536 4856 1601 4917 per
1620 4837 1789 4898 abbatem
1805 4836 1932 4920 Augu-

1101 4955 1232 5018 stinum
1248 4956 1440 5037 suscipitur
1460 4965 1496 5018 et
1512 4962 1540 5018 8.
1559 4957 1637 5021 Oct.
1659 4957 1765 5020 huius
1786 4959 1932 5022 indutus

1101 5077 1241 5140 nomine
1255 5098 1282 5142 s.
1292 5078 1404 5160 patris
1420 5079 1531 5141 nostri
1540 5080 1759 5143 Benedictus
1771 5083 1932 5164 appella-

1101 5210 1158 5263 tus
1180 5210 1243 5263 est.
1273 5201 1343 5262 Per
1368 5202 1560 5265 novitiatus
1582 5205 1769 5266 decursum
1789 5207 1932 5286 praedi·

193 5330 294 5383 catus
309 5320 401 5384 filius
418 5332 494 5386 erat
510 5323 621 5386 maior
641 5332 726 5386 natu
746 5325 855 5405 panni
871 5324 1021 5388 textoris
1101 5323 1191 5386 catis
1208 5324 1239 5385 ei
1256 5324 1419 5386 omnibus
1435 5325 1531 5388 duris
1544 5335 1581 5389 et
1592 5327 1739 5408 asperiS,
1757 5348 1825 5409 per
1841 5350 1933 5412 quae

195 5451 230 5504 et
242 5445 448 5508 mercatoris
465 5445 540 5507 eius
558 5445 723 5509 civitatis.
747 5445 866 5508 Primo
886 5465 928 5508 ac
944 5445 1021 5509 fun·
1100 5447 1171 5509 itur
1187 5449 1232 5508 ad
1248 5447 1363 5509 Deum
1385 5450 1578 5510 secundum
1600 5458 1760 5513 tenorem
1784 5454 1933 5535 regulae
