4252 6112
923 470 1203 555 -256..

192 672 256 735 tim
271 672 316 733 ad
333 691 360 734 s.
377 671 624 756 Hippolytum,
641 676 772 756 partim
787 673 932 737 Mellicii
948 684 1021 737 stu·
1059 667 1062 773 1

191 794 258 855 (1115
281 793 492 875 theologicis
518 798 684 859 sacerdos
707 797 940 879 inauguratus
964 794 1020 858 die
1059 780 1062 819 ³

197 920 243 978 15.
268 917 363 998 Aug.
391 919 471 978 1866
496 918 669 998 primitias
692 919 897 982 celebravit.
921 919 1021 980 Eius·

191 1039 271 1100 dem
293 1039 375 1102 anni
397 1039 727 1137 mensetNovembri
747 1041 905 1123 linguam
925 1040 1021 1103 Lati-

192 1180 273 1222 nam
297 1170 333 1224 et
360 1159 533 1223 Graecam
557 1162 592 1223 in
616 1164 802 1245 gymnasio
824 1161 1021 1226 Mellicensi

192 1283 401 1345 tradendam
410 1283 569 1365 suscepit
581 1286 791 1365 supplendo.
809 1284 926 1346 Annis
940 1287 1017 1362 1867
1059 1354 1062 1371 Ι

191 1407 322 1483 -1876
338 1404 548 1467 candidatus
568 1406 764 1488 magisterii
786 1405 962 1488 gymnasii
984 1405 1020 1467 in

1189 676 1211 732 Ι.
1226 675 1287 730 Ara
1300 672 1429 730 iubilaea
1441 673 1598 731 Godesridi
1612 675 1757 733 dedicata
1770 694 1790 733 a
1803 676 1937 753 Ruperto

1102 780 1239 834 Krenner
1264 776 1353 851 1746.
1378 777 1454 839 Cod.
1472 778 1637 837 1666111111.
1655 779 1768 837 Gottv.
1791 782 1849 838 No.
1867 780 1934 855 684.

1101 882 1165 938 Fol.
1188 880 1365 955 119—132.

1155 1036 1157 1041 .
1188 986 1224 1042 11.
1249 986 1379 1042 Gedicht
1403 989 1431 1043 in
1456 987 1694 1063 plattdeutscher
1716 989 1865 1047 Mundart
1888 989 1936 1047 aul

1100 1088 1162 1145 Abt
1182 1089 1327 1148 Godfrids
1349 1090 1507 1149 Secundiz.
1531 1092 1606 1149 Cod.
1631 1112 1709 1150 man.
1731 1092 1810 1152 bibl.
1831 1094 1931 1152 (36111.

1100 1195 1156 1251 No.
1175 1194 1247 1267 892.

1186 1299 1239 1356 111.
1264 1300 1430 1374 Catalogus
1454 1302 1665 1376 religiosorum
1691 1301 1751 1359 sub
1773 1301 1932 1362 abbatibus

1100 1403 1247 1459 Michaele
1274 1403 1412 1460 Herrlich
1440 1418 1497 1461 etc.
1529 1424 1626 1480 usque
1652 1406 1691 1462 ad
1720 1407 1930 1465 Godeiridum.

191 1527 285 1589 univ.
302 1527 507 1609 Viennensi,
531 1547 651 1589 mense
675 1527 805 1590 Martio
831 1532 909 1606 1872
935 1547 1020 1590 exa·
1058 1506 1061 1605 i
1099 1506 1175 1563 C⁰d·
1193 1527 1270 1564 ¹⁰³⁰·
1287 1506 1360 1564 bibl·
1377 1508 1482 1565 cmlv·
1499 1509 1554 1566 ΝΟ·
1572 1508 1645 1583 89²·

93 1802 97 1811 ·
189 1773 410 1852 adprobatus
432 1791 496 1833 666
517 1792 586 1834 666
609 1773 666 1833 die
683 1794 712 1849 4.
729 1771 818 1834 Nov.
840 1771 1021 1853 professor

191 1894 437 1956 denominatus
462 1903 526 1955 est.
558 1894 663 1955 Anno
692 1898 769 1972 1872
797 1893 831 1954 in
855 1892 1020 1955 convictu

191 2035 316 2078 munus
329 2014 501 2096 praefecti
518 2024 554 2077 et
569 2020 647 2094 1875
659 2014 844 2077 directoris
857 1998 1019 2095 obtinuit,
1059 2060 1061 2117 i

193 2137 296 2219 eique
324 2137 381 2198 die
411 2140 456 2198 18.
480 2135 557 2200 061.
590 2141 669 2216 1876
693 2155 818 2198 1611665
843 2135 1020 2217 gymnasii
1059 2142 1061 2147 ’

192 2260 408 2323 Μ6111666515
428 2258 577 2341 regendi
598 2260 752 2322 delatum
778 2269 814 2321 et
837 2258 1020 2320 convictus
1058 2278 1061 2359 j

191 2380 462 2445 administrandi
475 2379 629 2443 officium
642 2385 721 2460 1878
731 2382 941 2462 abrogatum
955 2388 1019 2444 est.
1058 2386 1061 2399 '

191 2504 356 2586 Denique
373 2505 496 2566 eodem
513 2523 605 2565 anno
623 2512 776 2565 exeunte
792 2521 917 2564 munus
934 2520 1019 2581 quo-

193 2647 262 2708 que
279 2645 439 2688 camerae
455 2624 671 2686 Mellicensis
688 2626 878 2686 adsecutus
895 2632 959 2686 est.

278 2764 443 2847 Scripsit:
1057 2706 1060 2853 i

278 2912 335 2966 Die
350 2909 561 2984 griechischen
577 2909 635 2964 und
649 2908 818 2964 1616156666
830 2905 946 2963 Staats·
959 2906 1018 2961 und
1056 2856 1059 3007 ἒ

190 3014 486 3073 Ρ1116161161111ϋ1661
510 3032 548 3069 66
569 3012 625 3068 den
648 3012 842 3086 Gymnasien.
867 3009 895 3090 (i.
921 3030 946 3066 e.
971 3010 1018 3065 De
1056 3076 1059 3139 1

190 3221 376 3299 publicorum
394 3236 454 3277 tum
471 3223 657 3296 privatorum
675 3218 870 3297 dissertatio)
891 3221 932 3274 Im
949 3219 1017 3294 Jah·
1056 3196 1059 3231 ἔ

190 3326 357 3384 resbcricht
377 3327 430 3382 des
446 3325 562 3382 Melker
578 3326 790 3400 Gymnasiums
812 3323 900 3397 1876.
918 3323 957 3380 W
960 3325 1017 3391 len,

191 3432 296 3488 Druck
312 3429 360 3487 bei
378 3431 507 3504 Ludwig
523 3432 636 3504 Mayer.
654 3430 695 3486 8⁰.

190 3116 419 3194 antiquitatibus
448 3118 650 3174 Romanorum
675 3117 923 3190 Graecorumque
951 3134 1017 3171 cum

277 3596 467 3667 Krenner
499 3606 718 3687 Rupertus
755 3604 1017 3686 (Gottvicen-
1055 3578 1058 3595 Ι

191 3723 277 3804 515),
306 3723 362 3784 die
392 3744 441 3786 21.
468 3723 540 3786 Ian.
571 3743 648 3802 1722
676 3721 887 3805 Salisburgii
914 3733 1019 3785 natus
1056 3782 1058 3799 ,

192 3845 318 3907 studiis
343 3846 378 3907 in
403 3848 489 3907 urbe
515 3844 631 3925 patria
656 3846 828 3908 absolutis
850 3865 876 3908 s.
894 3845 1018 3907 habitu
1056 3816 1058 3861 l

193 3964 363 4029 Gottvieii
376 3967 518 4028 indutus
531 3967 588 4027 die
602 3971 648 4030 15.
659 3967 747 4029 Nov.
762 3988 837 4045 1741
855 3977 938 4030 vota
951 3967 1017 4029 sol·
1056 3962 1058 3967 ⁴

192 4088 321 4149 lemnia
338 4087 453 4149 emisit
473 4098 508 4149 et
532 4088 588 4149 die
611 4094 638 4150 8.
657 4089 745 4151 Nov.
768 4094 846 4167 1745
868 4090 1016 4171 primum

194 4207 401 4271 sacrificium
418 4210 496 4270 Deo
514 4210 650 4271 obtulit.
676 4208 886 4273 Successive
907 4213 1018 4294 magi-

192 4338 267 4392 ster
281 4331 502 4413 novitiorum,
527 4332 680 4394 director
701 4333 915 4413 clericorum,
937 4337 1018 4396 sub-

192 4452 288 4534 prior
303 4473 343 4514 ac
360 4456 503 4516 tandem
519 4454 616 4535 prior
628 4454 840 4517 constitutus
858 4467 923 4518 est.
941 4457 1017 4538 Ap·
1056 4478 1058 4547 3

194 4584 250 4638 tus
267 4578 312 4638 ad
328 4575 444 4638 omnia
460 4576 495 4637 in
512 4567 651 4638 vineam
667 4576 808 4638 Domini
828 4587 911 4658 post
929 4579 1016 4641 11666

193 4698 243 4760 116
259 4698 375 4760 1655115
392 4718 456 4780 per
474 4720 511 4761 22
531 4718 641 4760 annos
662 4698 697 4760 in
714 4698 826 4761 tribus
842 4700 1017 4780 parochiis

192 4820 378 4883 laboravit.
397 4819 508 4883 Simul
521 4830 639 4902 poeta,
652 4829 771 4883 orator
783 4830 818 4882 et
830 4820 1018 4883 historicus

193 4944 287 5005 haud
310 4943 468 5025 vulgaris
493 4951 583 5024 erat,
611 4943 820 5023 praeprimis
848 4944 1019 5024 opuscula
1057 4918 1059 4999 i

193 5068 360 5130 historiae
373 5066 595 5147 potissimum
608 5066 812 5128 monasterii
828 5066 1019 5128 servientia
1057 5002 1060 5107 i

195 5188 442 5250 conscribebat
474 5197 509 5251 61
540 5188 711 5269 epistolas
743 5188 944 5271 encyclicas
975 5190 1018 5250 de

191 1649 439 1730 mineperacto
452 1649 487 1711 in
497 1651 658 1712 docenda
668 1649 1020 1731 philologiaclassica
1058 1634 1061 1707 1

1058 1760 1061 1773 ·
1099 1733 1212 1790 archiv.
1230 1734 1336 1791 (36111.
1354 1734 1418 1791 ads.

1186 1630 1235 1687 IV.
1249 1629 1352 1686 Series
1365 1628 1505 1687 abbatum
1516 1630 1708 1689 Gottvicens·
1721 1633 1804 1691 Cod.
1817 1638 1932 1693 166616

1185 1857 1221 1913 V.
1238 1858 1450 1931 Necrologium
1466 1858 1677 1932 religiosorum
1694 1858 1757 1916 sub
1774 1860 1931 1919 abbatibus

1100 1960 1245 2018 Michaele
1263 1962 1401 2019 Herrlich
1417 1981 1513 2038 usque
1529 1963 1567 2020 ad
1583 1964 1738 2039 Magnum.
1763 1966 1843 2022 Cod.
1860 1984 1930 2022 man.

1100 2084 1129 2121 16
1145 2066 1257 2123 archiv.
1275 2066 1381 2123 Gottv.

1190 2189 1240 2244 VI.
1280 2187 1427 2246 Senectus
1466 2189 1646 2247 venerabilis
1684 2191 1716 2247 Ρ.
1759 2192 1930 2269 Hieronymi

1099 2291 1276 2366 Schweiger
1293 2307 1388 2349 metro
1406 2293 1566 2351 celebrata.
1593 2309 1682 2368 1749.
1705 2297 1875 2363 Crembsii‚
1891 2312 1931 2372 ty·

1099 2398 1147 2471 pis
1162 2396 1283 2453 Antonii
1301 2398 1399 2453 Praxi.

1185 2518 1250 2575 Vll.
1285 2518 1459 2575 Benedictio
1487 2522 1585 2594 magni
1614 2521 1706 2578 iacob
1737 2541 1836 2599 super
1862 2524 1932 2580 lilios

1099 2641 1181 2678 5665.
1208 2623 1433 2697 Quinquaginta
1453 2623 1716 2701 chronographica
1735 2626 1845 2684 abbati
1862 2628 1931 2685 Odi·

1099 2727 1159 2783 loni
1172 2727 1209 2782 ad
1222 2728 1414 2784 secunditias
1433 2726 1521 2801 1766.
1536 2727 1694 2798 Crembsii‚
1710 2716 1797 2807 typis
1813 2733 1932 2791 Antonii

1098 2832 1195 2889 Praxi.

1185 2981 1309 3051 Kretz
1348 2990 1632 3073 Leodegarius
1670 2992 1928 3076 (Murensis),

1097 3119 1201 3170 natus
1219 3120 1273 3170 est
1290 3108 1346 3170 die
1365 3130 1414 3172 21.
1427 3108 1513 3170 Dec.
1532 3114 1611 3171 1805
1628 3109 1663 3171 16
1680 3108 1888 3197 Schongau
1897 3112 1929 3176 in

1098 3242 1199 3313 parte
1223 3231 1439 3293 Lucernensi
1465 3231 1663 3294 Helvetiae.
1700 3231 1879 3298 Ordinem
1904 3255 1927 3297 s.

1056 3368 1058 3391 ²
1097 3353 1137 3416 P.
1151 3354 1237 3414 Ben.
1255 3352 1436 3434 ingressus
1452 3355 1498 3415 ad
1511 3353 1772 3434 professionem
1788 3357 1929 3441 religio-

1097 3495 1170 3536 sam
1185 3474 1282 3536 venit
1295 3474 1351 3537 die
1366 3495 1415 3554 17.
1426 3474 1510 3536 Μ611
1524 3480 1614 3555 1817,
1626 3477 1673 3537 ad
1685 3479 1928 3541 sacerdotium

1097 3615 1182 3658 1616
1204 3596 1259 3657 die
1277 3618 1306 3674 4.
1324 3597 1427 3658 Mart.
1450 3601 1539 3660 1831.
1563 3597 1718 3680 Magnus
1740 3612 1823 3663 erat
1845 3601 1927 3663 libe·

1097 3720 1221 3782 ralium
1238 3719 1364 3781 artium
1381 3719 1498 3781 fautor
1518 3728 1553 3781 et
1575 3719 1725 3801 amicus,
1747 3722 1850 3806 stilo,
1870 3742 1926 3805 pe·

1097 3842 1216 3906 6161116
1244 3853 1280 3903 61
1306 3862 1400 3923 aqua
1426 3842 1574 3902 rodente
1600 3841 1796 3925 laboravit,
1828 3846 1926 3926 plura

1097 3986 1166 4029 non
1190 3964 1381 4027 mediocria
1402 3984 1511 4045 opera
1536 3964 1589 4025 sui
1614 3963 1749 4046 ingenii
1774 3967 1925 4050 reliquit,

1097 4091 1299 4152 thesaurum
1321 4106 1383 4148 seu
1405 4086 1647 4148 collectionem
1672 4086 1873 4171 imaginum
1894 4090 1927 4153 in

1097 4209 1311 4272 monasterio
1328 4207 1520 4270 constituit.
1537 4208 1674 4271 Memor
1685 4220 1811 4274 tamen
1824 4233 1926 4276 voca-

1097 4332 1202 4395 tionis
1219 4351 1303 4392 suae
1321 4330 1426 4392 611616
1444 4330 1478 4392 16
1495 4330 1599 4401 vinea
1613 4331 1762 4395 Domini
1782 4336 1926 4398 sedulus

1096 4455 1163 4516 fuit
1190 4453 1373 4534 operarius
1382 4502 1391 4534 ‚
1419 4454 1479 4534 qui
1506 4454 1697 4535 praecipue
1726 4475 1801 4537 qua
1829 4476 1926 4521 sacer

1056 4576 1058 4647 ἶ
1098 4586 1216 4639 616161
1233 4566 1367 4637 6161611.
1392 4575 1479 4637 Post
1501 4576 1791 4657 suppressionem
1809 4599 1924 4642 mona·

1098 4697 1194 4760 516111
1204 4697 1380 4759 Murensis
1392 4697 1628 4779 primissarius
1637 4699 1821 4784 Bosvilae,
1832 4702 1925 4764 dein·

1099 4822 1143 4882 de
1167 4821 1344 4901 parochus
1361 4819 1583 4902 Altendorfii,
1605 4825 1684 4899 1846
1701 4822 1796 4885 votis
1818 4825 1923 4887 abba·

1099 4943 1144 5005 tis
1175 4943 1423 5005 obsecundans
1454 4931 1611 5024 perrexit
1641 4945 1687 5005 ad
1714 4947 1922 5009 coenobium

1100 5066 1204 5128 Gries
1233 5075 1268 5127 61
1295 5086 1359 5148 per
1386 5064 1593 5127 decennium
1617 5067 1796 5130 adnexam
1825 5086 1922 5151 paro·

1099 5188 1212 5249 chiam
1234 5187 1502 5268 administravit,
1524 5189 1628 5250 valde
1648 5188 1862 5253 aestimatus
1881 5190 1922 5251 ab

197 5318 306 5370 morte
330 5309 544 5371 confratrum
570 5309 714 5392 collegit
742 5321 778 5372 et
803 5310 836 5371 in
861 5310 1018 5372 ordinem

196 5429 344 5511 redegit.
368 5431 530 5493 Mortuus
547 5442 601 5493 est
617 5432 674 5494 die
696 5431 839 5494 18061.
860 5437 948 5510 1782.

1057 5360 1060 5365 .
1099 5309 1344 5372 archiducibus
1361 5310 1506 5390 Rainer‚
1528 5331 1549 5370 a
1569 5309 1710 5372 ducissa
1730 5309 1922 5376 Mutinensi

1057 5434 1060 5507 ξ
1099 5432 1315 5512 Adelgunde
1353 5431 1501 5512 aliisque
1537 5430 1714 5494 distinctis
1754 5432 1922 5515 personis.
