4252 6112
920 421 1096 526 -‘282
1152 496 1200 507 —

190 661 266 719 mast
288 681 329 718 sz.
351 660 480 719 Martoni
504 658 534 718 {6
554 661 733 738 Apaturnak
753 662 915 731 szentelne‚
941 662 1018 738 mely
1054 669 1059 734 1

192 765 362 825 tisztelettel
378 765 455 841 ajanl
468 785 509 822 sz.
524 766 665 823 Benedek
678 765 789 840 rendje.
807 762 876 845 (1.9.
890 767 1018 826 Carmen

189 873 302 946 gratias
319 889 413 945 agens
427 869 466 926 ill.
478 888 515 927 ac
527 889 590 927 rev.
604 872 752 948 episcopo
765 872 874 928 laurin.
884 870 1018 929 Antonio

191 976 329 1043 Iuranits‚
341 994 406 1032 cum
416 974 501 1032 ill.'ac
510 974 730 1031 rev.dominum
738 975 886 1032 Thomam
897 973 1019 1033 Kovltcs

191 1077 416 1137 archiabbatem
437 1075 652 1157 benediceret.)
676 1078 750 1136 Ibid.
773 1077 862 1152 1830.
887 1085 930 1152 4⁰.
955 1093 1018 1155 7p.

276 1226 450 1299 Maeder
467 1235 683 1300 Conradus
696 1237 942 1319 (Murensis),
958 1258 1019 1301 na-

193 1367 251 1418 tus
267 1354 436 1419 Bosvilae
453 1355 488 1418 in
505 1356 666 1438 Argovia
682 1356 739 1420 die
760 1378 806 1436 19·
824 1356 905 1421 Oct.
928 1359 1018 1437 1789,

190 1477 608 1567 sollemniterprofessus
625 1478 681 1541 die
699 1483 727 1541 8.
741 1479 828 1544 Dec.
849 1483 940 1560 1810,
957 1480 1019 1542 ab·

191 1600 315 1663 solutis
338 1600 374 1663 in
390 1599 605 1665 monasterio
626 1600 752 1664 studiis
775 1603 944 1665 sacerdos
965 1621 1020 1664 or·

192 1723 334 1794 dinatus
351 1736 407 1787 est
423 1723 480 1787 die
497 1728 548 1787 31.
567 1722 645 1788 Oct.
667 1728 756 1789 1813.
781 1722 867 1786 Erat
881 1723 1020 1805 praeci·

190 1865 260 1928 pue
284 1845 440 1909 musicae
461 1855 497 1908 et
516 1845 744 1909 mechanicae
768 1845 919 1910 deditus.
942 1845 1020 1909 Mo·

191 1967 347 2031 nasterio
371 1986 564 2049 suppresso
587 1968 622 2030 in
639 1966 763 2030 Bosvil
782 1967 858 2030 fere
880 1987 1020 2051 semper

190 2088 348 2152 infirmus
371 2089 481 2152 iacuit
503 2109 616 2171 usque
639 2090 686 2152 ad
708 2099 856 2154 mortem
884 2090 942 2154 die
972 2095 1019 2154 13.

191 2213 279 2295 Apr.
308 2216 399 2291 1845.
431 2211 607 2292 Tempore
631 2210 844 2276 infirmitatis
867 2212 1020 2277 confecit

191 2334 326 2417 optima
342 2332 529 2417 horologia
540 2334 623 2397 licet
636 2334 919 2416 simplicissimae
938 2353 1020 2398 con-

191 2455 407 2537 structionis,
424 2476 445 2518 a
460 2457 578 2519 multis
595 2455 789 2520 artificibus
806 2457 968 2539 quaesita
984 2467 1021 2521 et

192 2578 363 2662 expetita,
380 2580 610 2661 solummodo,
627 2581 723 2661 quod
735 2580 860 2642 mirum
876 2589 941 2661 est,
957 2583 1020 2643 ab·

193 2702 308 2764 solute
325 2701 534 2764 necessariis
550 2701 793 2765 instrumentis
809 2703 953 2783 utendo,
969 2701 1020 2764 ita

191 2831 230 2886 ut
254 2842 320 2885 nec
342 2821 510 2886 circinum
532 2823 702 2887 adhibere
725 2825 893 2905 voluerit,
919 2825 1020 2887 clavo

192 2966 270 3009 curn
286 2945 445 3010 funiculo
465 2949 510 3009 ad
528 2947 728 3009 ducendum
749 2947 917 3010 circulum
938 2967 1020 3010 con-

192 3078 321 3133 tentus.

279 3188 485 3273 Composuit
513 3189 563 3253 ita
590 3189 704 3253 dictos
730 3187 1019 3274 ,Falsibordoni“

194 3332 258 3394 pro
275 3324 425 3395 utroque
442 3315 548 3376 choro
561 3311 720 3375 Murensi
736 3322 772 3375 et
788 3312 923 3394 aliquot
940 3311 1021 3374 mis-

193 3454 261 3497 sas.
286 3435 327 3497 In
343 3445 492 3498 monast.
510 3432 625 3498 Gries.

279 3584 1024 3680 MaerkingerIldephonsuslSeiten·

193 3712 444 3795 stadiensis),
458 3714 688 3777 Weistrachii
707 3714 742 3778 in
759 3714 835 3778 foro
854 3714 1023 3777 Austriae

71 3832 76 3844 ‘
192 3834 368 3898 inferioris
385 3835 442 3898 die
463 3857 510 3915 19.
526 3836 600 3899 Mai
621 3840 700 3900 1838
717 3847 832 3918 natus,
851 3835 1023 3900 absolutis

193 3956 229 4018 in
246 3977 274 4019 c.
292 3977 318 4020 r.
335 3957 523 4040 gymnasio
539 3958 736 4022 Mellicensi
751 3958 879 4021 studiis
896 3959 953 4021 die
971 3961 1021 4021 25.

195 4077 295 4160 Sept.
307 4046 391 4143 1858
404 4078 564 4142 habitum
576 4100 714 4143 sacrum
727 4081 850 4145 induit.
868 4081 1023 4144 Absolu-

194 4201 240 4264 tis
256 4201 291 4262 in
308 4201 496 4264 seminario
507 4201 815 4286 Sanhippolytano
828 4202 1024 4285 episcopali

197 4322 323 4385 studiis
340 4322 550 4405 theologicis
562 4324 657 4386 votis
673 4324 904 4387 sollemnibus
921 4326 978 4388 die
995 4330 1024 4390 5.

197 4446 284 4527 Apr.
306 4450 385 4508 1853
406 4444 562 4508 familiae
578 4465 605 4509 s.
622 4446 809 4509 Benedicti
825 4457 879 4510 est
898 4449 1025 4531 adgre-

194 4576 301 4650 gatus
312 4580 347 4630 et
360 4568 485 4630 eodem
494 4587 587 4630 anno
597 4568 653 4630 die
668 4571 714 4631 15.
726 4568 819 4650 Aug.
829 4570 907 4632 Deo
918 4569 1026 4633 omni-

196 4689 334 4772 potenti
359 4689 506 4770 primam
536 4689 663 4752 obtulit
689 4689 841 4752 hostiam
867 4690 1027 4753 incruen-

199 4820 282 4875 tam.
304 4811 393 4873 Tum
411 4811 622 4874 candidatus
637 4812 832 4894 magisterii
849 4812 1027 4896 gymnasii

195 4933 230 4997 in
243 4934 336 4998 univ.
350 4934 504 4998 Vindob.
517 4935 562 4997 ad
576 4934 713 4997 litteras
726 4933 885 4998 incubuit
899 4939 1028 4998 et'1866

199 5056 414 5139 philologiae
427 5056 607 5139 professor
620 5056 655 5118 in
668 5076 696 5119 c.
709 5076 735 5120 r.
748 5056 939 5139 gymnasio
952 5055 1028 5122 Sei·

196 5177 431 5240 tenstadiensi
453 5188 508 5241 est
529 5177 744 5241 constitutus
764 5177 930 5259 idemque
946 5198 1029 5241 con-

204 5298 313 5361 victui
329 5298 532 5361 monasterii
549 5297 704 5380 praefuit
715 5317 828 5379 usque
841 5299 886 5360 ad
900 5318 1028 5362 annum

205 5421 295 5496 1871.
322 5418 487 5502 Scripsit:

1186 664 1243 721 Die
1256 663 1403 721 Rhetorik
1414 665 1490 722 nach
1499 664 1567 722 dem
1579 665 1800 741 platonischen
1810 663 1942 739 Dialoge

1098 765 1243 842 Gorgias.
1266 763 1483 846 (Adumbratur
1500 768 1652 827 rhetorica
1663 782 1800 826 auctore
1814 767 1938 825 Platone

1099 873 1126 927 in
1143 871 1275 947 dialogo,
1297 873 1348 947 qui
1369 873 1532 949 inscriptus
1548 886 1596 929 est
1612 869 1777 951 Gorgias.)
1799 871 1937 930 Habetur

1098 977 1127 1032 in
1151 976 1258 1033 litteris
1280 995 1361 1034 caes.
1386 995 1450 1052 reg.
1475 979 1622 1053 gymnasii
1651 976 1935 1046 Seitenstadiensis‚

1103 1078 1193 1155 1878.

1184 1228 1390 1324 Magyat'y
1423 1237 1638 1322 Sulpicius
1675 1239 1936 1303 Franciscus

1100 1354 1634 1440 (desMontePannoniae),
1651 1356 1936 1440 Strigoniieius·

1099 1477 1180 1541 dem
1203 1496 1290 1540 com.
1310 1476 1346 1541 in
1366 1477 1553 1562 Hungaria
1575 1477 1633 1541 die
1658 1483 1710 1543 28.
1727 1477 1834 1561 Sept.
1857 1483 1935 1558 1854

1099 1608 1214 1681 natus,
1236 1619 1264 1663 s.
1285 1600 1410 1663 habitu
1434 1600 1492 1664 die
1508 1604 1538 1665 8.
1555 1599 1656 1684 Sept
1678 1606 1763 1682 1870
1778 1601 1934 1685 indutus,

1099 1732 1183 1785 vota
1199 1723 1383 1786 sollemnia
1398 1722 1456 1787 die
1471 1728 1521 1786 23.
1534 1722 1598 1786 Iul.
1616 1727 1697 1803 1876
1710 1723 1844 1788 emisit.
1861 1724 1935 1787 Ab·

1100 1843 1225 1908 solutis
1241 1845 1277 1907 in
1292 1864 1320 1907 s.
1333 1855 1453 1909 monte
1468 1865 1496 1911 s.
1509 1846 1712 1929 theologiae
1727 1847 1864 1911 studiis
1880 1847 1934 1910 die

1101 1971 1129 2031 8.
1149 1966 1227 2032 Oct.
1249 1972 1327 2049 1877
1345 1970 1535 2052 presbyter
1551 1968 1735 2032 ordinatus
1754 1979 1822 2033 est.
1854 1975 1931 2050 1877

1101 2094 1226 2168 -1878
1251 2100 1371 2153 orator
1394 2111 1415 2153 a
1438 2090 1548 2153 sacris
1574 2091 1609 2154 in
1633 2111 1659 2153 s.
1681 2101 1821 2175 monte,
1856 2096 1934 2172 1878

1099 2216 1228 2292 —1879
1256 2211 1626 2276 vicebibliothecarius
1653 2213 1790 2277 ibidem
1817 2234 1867 2278 ex
1894 2234 1934 2278 eo

1099 2354 1226 2397 munus
1249 2334 1458 2414 professoris
1481 2355 1601 2418 gymn.
1623 2333 1823 2400 Comarom.
1849 2338 1933 2401 obit

1159 2474 1170 2499 ‘
1187 2473 1353 2557 Scripsit:

1187 2619 1367 2694 Esztergom
1384 2638 1402 2676 a
1418 2618 1573 2694 tatarjairas
1590 2617 1735 2676 korftban.
1760 2614 1791 2697 (i.
1811 2638 1839 2677 e.
1858 2617 1935 2677 Stri-

1099 2725 1220 2798 gonium
1237 2737 1375 2800 tempore
1391 2720 1612 2802 Tartarorum.)
1629 2722 1823 2798 Esztergom.
1843 2725 1933 2798 1877.

1099 2827 1285 2885 Buzarovits
1304 2826 1346 2885 8⁰.
1363 2826 1403 2901 58
1421 2847 1450 2904 p.

1186 2975 1318 3048 Mann
1340 2985 1599 3048 Aemilianus
1615 2985 1797 3050 Ioannes
1821 2989 1935 3070 (des

1099 3102 1240 3166 Monte
1268 3103 1537 3185 Pannoniae),
1564 3123 1618 3166 aa.
1646 3104 1681 3168 11.
1709 3114 1746 3167 91
1774 3105 1937 3186 philoso-

1100 3226 1205 3308 phiae
1215 3226 1348 3306 doctor,
1359 3225 1502 3288 Posonii
1515 3225 1674 3288 eiusdem
1688 3244 1778 3290 com.
1790 3227 1827 3289 in
1837 3226 1939 3291 Hun·
1957 3248 1961 3255 ·

1100 3348 1202 3431 garia
1219 3347 1275 3410 die
1296 3352 1343 3411 18.
1361 3347 1449 3428 Apr.
1467 3365 1546 3426 1797
1560 3357 1676 3430 natuS,
1692 3367 1719 3412 s,
1732 3348 1866 3412 habitu
1883 3350 1940 3413 die

1103 3491 1153 3549 29.
1175 3468 1254 3534 Oct.
1281 3475 1359 3533 1813
1382 3471 1535 3551 indutus,
1560 3462 1645 3533 vola
1667 3470 1860 3535 sollemnia
1883 3472 1940 3535 die

1107 3613 1154 3671 19.
1171 3592 1259 3674 Apr.
1281 3596 1360 3655 1818
1379 3591 1505 3655 emisit.
1522 3591 1710 3655 Absolutis
1723 3591 1761 3654 111
1774 3614 1803 3655 s.
1818 3605 1943 3658 monte

1103 3735 1130 3778 s.
1158 3714 1359 3797 theologiae
1390 3714 1517 3778 studiis
1549 3714 1606 3777 die
1642 3735 1688 3793 19.
1717 3712 1824 3797 Sept.
1859 3722 1941 3781 1823

1104 3838 1293 3919 presbyter
1319 3836 1502 3900 ordinatus
1530 3847 1598 3919 est,
1628 3856 1707 3899 cum
1731 3835 1806 3900 iam
1832 3851 1946 3904 antea

1108 3959 1424 4040 1818—191aurini,
1435 3962 1599 4038 1819-21
1612 3956 1784 4040 Sopronii
1794 3980 1947 4026 munere

1103 4080 1315 4164 professoris
1326 4100 1445 4163 gymn.
1455 4079 1597 4142 functus
1610 4086 1715 4142 esset.
1730 4079 1845 4145 Anno
1864 4087 1947 4146 1823

1104 4207 1233 4265 -183ο
1249 4201 1431 4284 professor
1446 4201 1482 4263 in
1497 4201 1600 4283 lyceo
1616 4199 1818 4265 domestico
1832 4202 1951 4269 Iauri·

1105 4325 1216 4406 nensi,
1234 4328 1403 4387 183ο-5ο
1416 4321 1506 4404 prof.
1519 4321 1743 4385 historiarum
1760 4320 1799 4386 in
1814 4328 1952 4390 acade-

1105 4447 1176 4511 mia
1196 4445 1417 4526 Posoniensi‚
1443 4447 1609 4523 1850-59
1633 4441 1752 4506 officio
1778 4448 1953 4530 magistri

1107 4569 1321 4633 novitiorum
1345 4566 1380 4628 in
1403 4585 1430 4628 s.
1454 4575 1573 4628 monte
1599 4563 1741 4626 functus
1767 4575 1845 4649 est,
1878 4590 1954 4652 quo

1107 4711 1199 4754 anno
1220 4690 1278 4753 die
1305 4693 1353 4753 13.
1370 4690 1433 4751 Iul.
1459 4689 1504 4751 ad
1529 4686 1785 4750 monasterium
1808 4709 1842 4753 ο.
1861 4712 1892 4755 s,
1911 4692 1954 4757 B.

1108 4813 1295 4876 strictioris
1307 4810 1557 4875 observantiae
1575 4810 1609 4872 in
1622 4809 1771 4872 Austria
1785 4811 1956 4878 inferiori

1109 4934 1144 4997 in
1161 4936 1250 4998 colle
1267 4933 1392 5015 oppidi
1408 4931 1576 4995 Lambaci
1594 4931 1698 4994 situm
1719 4951 1758 4994 se
1783 4939 1957 5015 contulit,

1110 5056 1171 5120 ubi
1194 5047 1332 5119 retento
1349 5034 1489 5118 nomine
1506 5053 1696 5117 Aemiliani
1713 5073 1852 5120 annum
1871 5078 1959 5142 pro·

1109 5177 1263 5242 bationis
1287 5178 1403 5239 denuo
1424 5175 1588 5256 absolvit,
1609 5172 1747 5238 tardius
1762 5196 1857 5242 vero
1877 5181 1960 5245 offi-

1110 5300 1201 5363 cium
1232 5299 1360 5383 prioris
1391 5291 1528 5361 summa
1561 5318 1640 5361 cum
1674 5296 1784 5360 laude
1824 5305 1960 5384 gessit.

1109 5420 1299 5484 Celebrato
1316 5422 1373 5484 die
1387 5442 1436 5483 21.
1451 5420 1552 5501 Sept.
1566 5423 1644 5498 1873
1658 5418 1821 5516 iubilaeo
1835 5443 1962 5492 sacer·
