4252 6112
921 482 969 491 —
1031 445 1099 511 106

192 645 467 727 Mitterndorfer,
489 646 536 708 ab
556 665 649 708 anno
670 649 748 708 1855
773 647 880 709 rebus
901 666 1021 708 mona·
1101 651 1186 706 sione
1207 651 1404 726 primitiarum
1421 649 1589 706 Theodosii
1611 650 1792 726 Bertalanfly
1813 669 1842 706 0.
1860 670 1883 706 s
1901 652 1934 707 B.

189 769 287 833 sterii
303 767 538 831 oeconomicis
554 777 708 849 praeest.

278 890 391 974 Typis
408 889 539 952 excudi
554 889 655 952 fecit:

278 1019 300 1073 Ι.
326 1016 485 1092 Gesprach
514 1016 664 1072 zwischen
692 1017 789 1071 einem
812 1014 933 1071 Plarrer
961 1014 1019 1070 und

190 1124 289 1179 Bauer
311 1119 387 1177 iiber
409 1121 457 1177 die
481 1120 550 1176 heil.
575 1120 837 1196 Kirchenpatrone
866 1119 925 1175 und
952 1139 1020 1175 ver·

189 1226 352 1284 schiedene
368 1225 541 1281 christliche
558 1224 763 1280 Wahrheiten.
780 1222 850 1302 (1.6.
868 1221 1021 1281 Consabu-

191 1333 263 1388 latio
280 1330 444 1408 parochum
468 1331 545 1385 inter
566 1343 596 1385 et
617 1331 761 1385 rusticum
785 1328 822 1384 de
843 1348 867 1384 s.
885 1330 1020 1404 patronis

192 1436 387 1493 ecclesiarum
412 1447 442 1489 et
465 1433 503 1489 de
528 1434 656 1489 diversis
682 1432 827 1489 doctrinis
849 1432 917 1489 fidei
942 1432 1020 1488 chri·

190 1536 329 1618 stianae.)
352 1540 436 1605 Lina,
461 1537 567 1594 Druck
589 1556 649 1593 von
675 1537 883 1612 Feichtingers
907 1535 1019 1593 Erben.

194 1644 284 1718 1851.
307 1650 366 1699 12⁰.
386 1641 424 1716 76
442 1661 470 1718 p.

276 1749 314 1803 11.
347 1745 470 1820 Predigt
498 1765 544 1801 am
573 1746 662 1801 Feste
693 1744 747 1800 des
778 1745 846 1801 heil.
874 1745 1018 1801 Pankraz.

192 1851 311 1931 (Oratio
328 1871 352 1908 s.
369 1850 472 1907 habita
494 1852 521 1906 in
546 1848 624 1905 lesto
647 1869 671 1905 s.
689 1850 837 1904 Pancratii
860 1847 1020 1928 martyris)

190 1959 274 2023 Lina,
292 1955 363 2012 ibid.
382 1955 424 2011 8⁰.
446 1969 479 2010 11
500 1973 529 2029 p.

277 2062 330 2116 111.
346 2059 469 2133 Predigt
482 2077 534 2113 zur
547 2057 730 2114 Primizfeier
742 2057 795 2113 des
809 2071 866 2113 etc.
879 2056 1020 2132 gehalten

190 2187 225 2223 zu
250 2166 339 2239 Haag
364 2167 392 2220 in
415 2162 678 2220 Unterdsterreich
703 2181 749 2218 am
775 2176 802 2235 7.
824 2160 1019 2236 Aug.·1853.

190 2270 263 2350 (1.6.
286 2271 400 2327 Concio
421 2286 508 2324 sacra
528 2267 608 2324 dicta
629 2269 790 2323 occasione
806 2266 941 2322 sollemn.
959 2268 1021 2342 pri·

190 2370 361 2451 mitiarum.)
377 2374 461 2438 Linz‚
480 2370 550 2427 ibid.
568 2371 609 2428 8⁰.
632 2386 668 2443 14
685 2391 714 2447 p.

278 2480 439 2535 Praeterea
470 2479 498 2532 in
530 2474 772 2551 ephemeridibus
806 2475 1021 2546 ,Katholische

190 2584 323 2640 Blatter“
343 2581 449 2638 multas
465 2580 693 2637 dissertationes
710 2579 845 2654 vulgavit
865 2593 895 2635 et
911 2592 1021 2637 tracta·

192 2702 239 2745 tus
255 2688 370 2763 aliquot
386 2685 424 2741 de
440 2684 531 2742 rebus
548 2687 754 2742 oeconomicis
770 2687 901 2760 scripsit.

278 2834 441 2907 Fuchsz
483 2842 726 2906 Bonifacius
769 2844 1020 2907 Franciscus

192 2964 255 3045 (de
275 2981 302 3024 s.
321 2961 464 3024 Monte
483 2962 755 3044 Pannoniae),
776 2982 802 3023 s.
820 2963 1021 3045 theologiae

192 3087 316 3147 doctor
329 3083 509 3147 facultatis
522 3085 627 3147 theol.
637 3085 673 3146 in
685 3106 711 3147 r.
721 3085 816 3149 univ.
825 3086 1020 3168 Budapest.

192 3207 412 3289 collegiatus,
428 3206 541 3271 Ginsii
555 3227 643 3271 com.
653 3206 792 3270 Castris.
803 3208 861 3270 die
874 3230 921 3289 17.
930 3209 1021 3272 Nov.

196 3335 276 3409 1839
297 3338 412 3411 natuS,
431 3329 487 3391 die
507 3334 536 3393 8.
556 3328 656 3411 Sept.
682 3334 759 3391 1855
783 3352 810 3394 s.
827 3331 951 3395 habitu
971 3332 1022 3394 16-

193 3454 313 3533 dutuS,
346 3451 403 3513 die
432 3456 459 3515 8.
487 3452 582 3533 Aug.
616 3455 691 3513 1861
723 3461 808 3514 vota
840 3454 1023 3516 sollemnia

192 3574 319 3638 emisit.
332 3574 517 3637 Absolutis
530 3574 565 3636 in
578 3574 677 3656 regia
690 3574 915 3637 scientiarum
928 3576 1022 3638 univ.

192 3696 425 3779 Budapestin.
454 3717 480 3759 s.
506 3697 707 3779 theologiae
732 3697 858 3760 studiis
886 3697 944 3760 die
975 3719 1022 3759 11.

191 3819 264 3881 Ian.
291 3823 369 3881 1863
392 3820 580 3900 presbyter
601 3819 783 3881 ordinatus
804 3829 869 3900 est,
890 3839 937 3881 ex
953 3840 1022 3900 quo

193 3950 354 4021 tempore
371 3940 417 4001 ad
434 3959 563 4002 annum
585 3945 665 4018 1879
686 3939 867 4020 professor
888 3941 971 4003 iuris
987 3952 1023 4005 et

192 4063 361 4125 historiae
379 4062 642 4124 ecclesiasticae
663 4063 698 4124 in
719 4082 746 4125 s,
763 4073 892 4145 monte,
914 4065 1022 4127 caeri-

79 4262 83 4268 ,
193 4183 394 4264 moniarius,
416 4193 489 4246 tum
516 4185 727 4247 secretarius
749 4186 795 4248 ill.
813 4187 845 4249 d.
863 4187 1023 4249 archiab-

192 4305 297 4386 batis,
319 4308 365 4368 ab
385 4325 477 4367 anno
498 4310 577 4385 1879
594 4305 760 4388 Sopronii
781 4307 898 4372 officio
918 4329 1022 4390 supe-

193 4428 293 4490 rioris
310 4429 434 4490 domus
452 4439 487 4490 et
504 4429 654 4491 oratoris
670 4449 697 4491 a.
713 4429 886 4494 festivalis
907 4432 1023 4514 fungi-

193 4562 259 4612 tur.
284 4548 448 4631 Scripsit:

280 4678 302 4733 1.
312 4677 435 4752 Predigt
447 4675 525 4733 beim
540 4675 711 4734 leierlichen
720 4679 1023 4756 Erstlingsoplerdes

192 4780 333 4857 Leopold
349 4782 398 4837 Fr.
413 4779 585 4850 Bierbauer,
603 4781 812 4838 Benedictiner
828 4803 856 4840 u.
866 4803 890 4841 s.
900 4803 937 4840 w.
951 4781 980 4864 (1.
996 4804 1021 4842 6.

193 4887 301 4943 Oratio
324 4903 421 4952 sacra,
439 4903 506 4941 cum
524 4886 561 4941 L.
577 4884 741 4942 Bierbauer
757 4905 785 4943 0.
803 4906 826 4944 s.
844 4889 876 4944 B.
899 4891 1021 4964 primam

193 4990 260 5046 Deo
272 4990 394 5046 offerret
407 4986 556 5067 hostiam.)
569 4989 719 5046 Gehalten
732 4993 760 5047 in
773 4991 868 5060 (11161,
883 4990 932 5050 26.
948 4995 1021 5052 Dec.

198 5091 287 5166 1864.
305 5094 398 5151 Gedr.
416 5093 708 5170 Guns.sserta1anffy
729 5094 820 5168 1865.
837 5096 879 5154 80.
897 5113 931 5170 15
951 5118 980 5174 p.

280 5199 318 5254 11.
341 5199 477 5273 Egyhazi
501 5198 621 5266 beszed,
647 5199 756 5274 melyet
777 5213 817 5257 nt.
842 5203 1021 5279 Bertalanlly

194 5300 341 5359 Theoddz
357 5302 609 5378 Szombathelyen
630 5302 718 5378 1865.
737 5305 809 5362 Okt.
831 5306 901 5363 1-66
916 5320 1022 5366 tartott

1101 751 1223 832 habita.)
1240 751 1463 829 Szombathely.
1478 753 1669 828 Bertalanffy.
1692 752 1781 826 1865.
1797 770 1833 827 14
1847 774 1876 829 p.
1891 753 1933 811 8⁰.

1187 876 1239 932 Ill.
1274 875 1409 950 Egyht'tzi
1441 875 1570 943 11632611,
1605 877 1715 951 melyet
1741 876 1774 932 11.
1802 874 1935 933 Szkalka

1101 978 1219 1035 Kandid
1245 979 1442 1054 aranymiseje
1469 979 1648 1036 alkalmaival
1675 979 1813 1037 mondott
1843 980 1933 1052 1875.

1101 1096 1195 1158 szept.
1214 1082 1263 1140 28.
1288 1080 1362 1161 (1.6.
1384 1084 1491 1140 Oratio
1514 1104 1538 1141 s.
1562 1087 1725 1142 occasione
1747 1085 1935 1141 sollemnium

1101 1188 1374 1244 semisaecularium
1392 1187 1516 1245 Candidi
1534 1188 1711 1245 8111611166.
1729 1210 1753 1245 s.
1770 1186 1816 1267 Β.)
1837 1185 1934 1264 Gydr.

1101 1291 1190 1349 Cach.
1213 1290 1302 1364 1873.
1321 1291 1364 1348 8⁰.
1386 1306 1419 1364 15
1440 1311 1468 1367 p.

1187 1414 1237 1470 IV.
1263 1413 1309 1470 De
1329 1414 1534 1472 declaratione
1555 1416 1634 1473 Cleri
1658 1416 1805 1473 Gallicani
1828 1416 1865 1473 de
1886 1432 1933 1489 19.

1100 1519 1187 1574 Mart.
1209 1516 1299 1574 1682.
1325 1518 1506 1575 Dissertatio
1524 1539 1580 1595 pro
1597 1519 1768 1576 obtinendis
1790 1518 1934 1594 gradibus

1102 1623 1291 1698 theologicis,
1309 1643 1336 1679 a.
1358 1622 1447 1696 1865.
1466 1626 1522 1681 Ms.
1541 1631 1582 1681 20.
1605 1625 1662 1697 158
1680 1646 1709 1701 p.

1186 1747 1222 1803 V.
1234 1744 1364 1821 Scripsit
1376 1747 1414 1803 de
1426 1750 1517 1804 variis
1530 1747 1621 1805 rebus
1634 1745 1723 1826 (num.
1736 1745 1788 1827 81)
1802 1751 1830 1804 16
1843 1768 1934 1824 ency-

1101 1849 1258 1926 clopaedia
1274 1852 1429 1907 societatis
1445 1872 1469 1908 s.
1487 1850 1643 1928 Stephani.
1661 1854 1823 1928 Budapest.
1841 1861 1883 1925 4⁰.

1186 1974 1238 2030 VI.
1266 1972 1293 2029 A
1317 1975 1527 2049 pannonhalmi
1555 1972 1715 2052 fdapaitsag
1742 1975 1934 2032 elkulonitett

1101 2076 1384 2151 egyhaz·teriilete.
1416 2075 1445 2155 (1.
1474 2098 1500 2135 e.
1534 2080 1580 2135 De
1608 2094 1750 2156 separato
1778 2082 1933 2136 territorio

1100 2178 1325 2237 archiabbatiae
1338 2182 1375 2238 de
1387 2202 1411 2238 s.
1426 2184 1465 2239 M.
1479 2182 1673 2263 Pannoniae).
1690 2187 1744 2241 Et:
1758 2184 1784 2240 A
1797 2203 1934 2261 pannon·

1101 2286 1189 2342 halmi
1206 2285 1430 2361 szekesegyhaz
1447 2288 1480 2344 cs
1494 2285 1691 2346 ldmonostor.
1709 2286 1738 2367 (i.
1753 2308 1779 2346 e.
1794 2290 1933 2346 Ecclesia

1101 2391 1180 2447 cath.
1202 2404 1233 2448 et
1251 2395 1464 2449 monasterium
1486 2392 1523 2449 de
1543 2413 1567 2449 s.
1586 2396 1625 2450 M.
1643 2392 1746 2473 Parin.)
1770 2396 1803 2450 ln
1823 2414 1931 2471 opere:

1101 2492 1188 2570 Gydr
1215 2514 1322 2571 megye
1350 2496 1383 2553 e's
1410 2497 1520 2554 varosa
1545 2513 1602 2555 661.
1634 2495 1681 2576 (V.
1706 2500 1804 2555 Feher
1827 2497 1932 2577 Hipp.)

1101 2620 1130 2675 p.
1149 2598 1274 2656 zob—8
1292 2602 1498 2674 61459-46.

1188 2765 1327 2839 Fuchs
1349 2775 1578 2859 Gregorius
1597 2779 1932 2860 (Admontensis),

1102 2893 1136 2954 in
1153 2913 1249 2975 pago
1265 2894 1407 2955 Kloech
1423 2892 1552 2957 Stiriae
1568 2895 1743 2957 inferioris
1759 2906 1864 2958 natus
1882 2918 1931 2959 20.

1102 3013 1181 3078 061.
1193 3020 1249 3077 182
1259 3024 1375 3096 1,vota
1383 3015 1565 3079 sollemnia
1578 3017 1694 3079 emisit
1711 3018 1827 3082 11.Iul.
1840 3023 1932 3099 1846,

1102 3146 1138 3198 et
1152 3142 1203 3201 23.
1212 3136 1308 3219 Aug.
1322 3137 1481 3199 eiusdem
1494 3139 1576 3200 anni
1590 3139 1763 3219 primitias
1776 3141 1933 3203 celebra-

1102 3259 1162 3322 vit.
1176 3259 1248 3321 Per
1259 3268 1369 3321 totam
1383 3259 1457 3322 1616
1466 3260 1576 3322 vitam
1586 3263 1843 3325 sacerdotalem
1856 3283 1935 3326 eru-

1102 3380 1633 3462 6166116616116616116111116165,
1656 3403 1734 3445 curn
1755 3384 1791 3446 in
1811 3405 1933 3466 gymn.

1103 3503 1296 3565 domestico
1324 3512 1398 3565 tum
1422 3504 1704 3586 Iudenburgensi
1727 3506 1935 3569 Leobiensi-

1104 3644 1172 3706 que
1196 3624 1432 3705 professorem
1459 3634 1495 3689 et
1521 3627 1731 3689 directorem
1755 3628 1838 3710 egit.
1864 3629 1936 3691 Per

1103 3747 1238 3828 aliquot
1261 3768 1373 3810 annos
1397 3749 1541 3830 insuper
1567 3751 1798 3812 cancellariae
1823 3761 1858 3813 et
1882 3753 1934 3813 rei

1101 3870 1260 3932 vinariae
1283 3870 1486 3951 praefectus
1508 3873 1613 3934 etiam
1638 3872 1764 3953 prioris
1788 3893 1934 3936 munere

1102 3992 1245 4056 functus
1261 4003 1316 4056 est
1333 3999 1510 4057 1863-66.
1532 3993 1722 4057 Studiosae
1739 3997 1934 4058 iuventutis

1103 4124 1206 4197 pater
1222 4125 1257 4177 et
1272 4115 1399 4198 fautor,
1416 4117 1583 4179 historiae
1597 4127 1768 4198 paternae
1785 4096 1933 4198 amator,

1103 4237 1190 4299 obiit
1210 4237 1264 4298 vir
1284 4239 1387 4300 valde
1414 4240 1640 4302 honorandus
1663 4240 1855 4321 apoplexia
1877 4260 1934 4302 ce-

1102 4360 1197 4421 rebri
1216 4369 1333 4423 tactus
1348 4361 1472 4423 Leobii
1498 4383 1547 4440 24.
1568 4362 1671 4424 Febr.
1696 4366 1786 4443 1878,
1809 4364 1934 4425 doctor

1103 4483 1356 4566 philosophiae,
1369 4485 1653 4547 reverendissimi
1669 4485 1840 4567 principis
1859 4487 1933 4567 epi-

1103 4606 1201 4687 scopi
1211 4605 1357 4669 Seccov.
1372 4606 1591 4668 consiliarius
1603 4617 1639 4668 et
1648 4607 1808 4689 pluribus
1821 4608 1931 4669 socie-

1103 4728 1236 4790 tatibus
1252 4749 1323 4809 qua
1339 4731 1534 4790 membrum
1551 4729 1704 4792 activum
1718 4730 1931 4810 adscriptus

1189 4849 1353 4932 Scripsit:

1189 4979 1211 5034 1.
1234 4978 1418 5053 Errichtung
1440 4978 1494 5035 der
1514 4977 1733 5053 Silbergruben
1755 4981 1782 5034 16
1800 4979 1930 5053 Zeirnig.

1102 5079 1131 5160 (i.
1141 5102 1168 5139 e.
1182 5083 1229 5138 1)6
1245 5081 1372 5138 metallis
1388 5085 1505 5157 argenti
1523 5085 1551 5139 16
1568 5081 1710 5161 Zeirnig.)
1728 5083 1818 5151 Graz,
1840 5082 1930 5156 1855.

1190 5206 1227 5261 11.
1249 5206 1306 5261 Die
1323 5205 1490 5281 Griindung
1506 5206 1560 5264 des
1577 5207 1752 5281 Hospitales
1774 5209 1803 5262 in
1819 5207 1931 5264 Sauer-

1101 5307 1208 5365 brunn.
1233 5305 1262 5386 (1.
1280 5327 1306 5366 6.
1328 5310 1375 5365 1)6
1393 5309 1565 5367 fundatione
1586 5313 1754 5368 nosocomii
1772 5314 1799 5367 in
1817 5310 1931 5368 Sauer-

194 5404 326 5481 ujmisdje
339 5407 515 5464 alkalmaval
528 5409 674 5465 mondott.
692 5406 761 5489 (1.6.
776 5409 883 5467 Oratio
896 5431 919 5468 s.
933 5432 1022 5470 occa·
1060 5404 1063 5466 l
1101 5409 1220 5491 bruun.)
1241 5413 1330 5487 1855.
