4252 6112
925 507 974 513 ,,
1029 469 1100 552 467
1159 507 1205 513 -

193 693 340 753 quorum
362 672 495 751 primus
518 671 599 731 inde
623 671 669 731 ab
693 688 785 730 anno
813 673 1022 748 1709-1818
1061 689 1064 757 7
1104 677 1167 728 est.
1197 666 1324 728 Primis
1349 667 1538 729 sacerdotii
1563 668 1664 729 annis
1689 670 1874 732 catecheta
1899 670 1933 732 in

192 795 258 856 fuit
274 795 465 855 instructor
482 802 518 854 et
534 791 705 872 magister
721 802 797 853 arte
819 801 854 853 et
875 790 1023 852 scientia
1062 777 1064 803 ³
1104 790 1223 851 schola
1239 789 1397 867 normali,
1422 791 1550 851 deinde
1572 791 1737 852 classium
1758 812 1932 873 gramma-

193 937 234 977 ea
252 917 428 995 excelluit,
446 925 484 976 ut
499 914 594 974 fama
615 932 679 992 per
700 923 843 974 exteras
859 912 1023 993 regiones

192 1040 299 1119 longe
315 1039 458 1117 lateque
472 1036 672 1096 celebratus
683 1033 790 1096 fuerit
804 1044 839 1096 et
853 1033 1023 1095 scientiae

192 1162 294 1222 huius
311 1172 471 1221 amantes
487 1169 523 1219 et
539 1156 689 1219 studiosi
710 1175 729 1218 e
751 1155 949 1238 peregrinis
970 1174 1023 1217 re·

192 1283 358 1363 gionibus
374 1280 580 1359 frequentes
597 1280 643 1339 ad
660 1297 740 1338 eum
755 1276 930 1357 venirent,
951 1296 1023 1338 mo-

194 1406 276 1464 dum
286 1403 361 1463 eius
375 1421 452 1463 cum
467 1400 583 1461 surdis
596 1409 632 1461 et
644 1399 749 1460 mutis
759 1398 890 1479 agendi
903 1398 1023 1480 cogni-

193 1527 271 1587 turi.
296 1524 448 1603 Accidit,
467 1534 505 1585 ut
522 1521 726 1583 Berolinum
739 1521 886 1583 veniens
903 1520 1022 1601 ibique

193 1648 391 1708 institutum
416 1646 723 1708 Sumo-mutorum
747 1643 918 1724 invisens,
944 1662 1023 1703 cum

193 1767 423 1829 surdo-mutis
452 1767 527 1848 ipse
552 1786 694 1846 quoque
718 1784 827 1847 agere
849 1765 1023 1844 incipiens

193 1910 312 1951 eorum
326 1888 557 1950 laetissimum
567 1889 777 1967 applausum
792 1898 827 1948 et
839 1906 1023 1948 assensum

192 2014 282 2073 adeo
300 2011 521 2091 excitaverit,
544 2021 582 2072 ut
602 2011 642 2091 is,
668 2009 727 2089 qui
744 2009 905 2071 instituto
921 2028 1024 2089 prae-

192 2145 268 2195 erat
285 2136 330 2194 ad
348 2153 427 2193 eum
444 2132 636 2194 accesserit
649 2149 823 2212 quaerens
836 2140 872 2193 et
886 2131 1022 2193 dicens:

192 2256 311 2335 ipsum
339 2265 434 2316 certe
456 2254 634 2316 dominum
654 2251 784 2316 Stoehr
804 2252 1022 2335 Pragensem

192 2380 292 2438 esse?
316 2380 419 2457 Quod
435 2377 494 2437 ille
509 2378 608 2437 vultu
623 2375 782 2437 arridens
798 2373 1021 2454 adprobavit.

281 2524 419 2597 Strahl
448 2536 686 2615 Rupertus
718 2535 1022 2616 (Bievnoveno

193 2653 481 2733 Braunensis),
514 2652 693 2713 Bohemus
724 2651 1021 2733 Litomericensis,

192 2785 296 2834 natus
318 2776 468 2854 171111.
492 2778 582 2856 1733,
604 2793 741 2835 sacram
763 2773 1021 2853 professionem
1061 2798 1064 2849 l

192 2896 307 2957 emisit
325 2897 489 2958 Braunae
511 2901 587 2974 1751
609 2896 707 2957 (1113.
724 2896 808 2976 Ian,
825 2914 867 2957 ac
884 2894 1021 2958 ro.Oct.
1061 2860 1064 2979 7
1103 2862 1183 2941 8157)

197 3023 273 3096 1757
293 3020 460 3080 sacerdos
477 3019 660 3080 ordinatus
677 3026 741 3079 est.
766 3016 850 3097 Egit
872 3016 908 3079 in
925 3018 1023 3081 insti·

191 3152 267 3203 tuto
304 3141 505 3223 theologico
543 3140 747 3234 monasterii
783 3140 1022 3220 professorem

192 3262 394 3343 theologiae
412 3281 556 3343 morum,
581 3272 708 3341 postea
729 3281 873 3324 munere
897 3261 1021 3343 funge-

191 3388 294 3445 batur
311 3383 506 3464 subprioris
524 3384 702 3462 Braunae,
715 3382 841 3445 Policii
858 3392 893 3445 et
909 3383 1020 3445 Biev·

1104 912 1260 975 ticalium
1282 923 1317 973 et
1341 913 1569 974 humanitatis
1591 913 1625 974 in
1647 915 1835 996 gymnasio
1851 899 1933 978 Cre-

1104 1034 1290 1097 mifanensi
1303 1033 1493 1114 professor,
1511 1046 1637 1114 postea
1649 1035 1806 1117 linguam
1822 1034 1931 1098 Grae·

1104 1177 1181 1218 cam
1206 1177 1275 1218 una
1300 1175 1378 1217 cum
1402 1157 1653 1218 mathematica
1678 1157 1814 1240 docuit,
1840 1178 1932 1220 anno

1110 1283 1186 1340 1803
1198 1277 1416 1340 archivarius
1428 1278 1633 1340 monasterii
1647 1278 1859 1341 constitutus
1872 1300 1933 1341 an·

1062 1444 1064 1477 ,
1104 1400 1322 1480 tiquissimas
1338 1399 1541 1461 monasterii
1558 1401 1700 1462 tabulas
1720 1399 1756 1461 in
1773 1400 1932 1462 ordinem

1104 1522 1313 1583 curatiorem
1326 1522 1474 1604 redegit,
1485 1542 1549 1603 per
1563 1542 1674 1583 annos
1683 1522 1817 1603 aliquot
1830 1523 1933 1586 simul

1103 1643 1408 1723 bibliothecariuS,
1437 1645 1559 1706 ultimo
1588 1645 1682 1706 vitae
1710 1644 1853 1707 biennio
1881 1645 1931 1707 rei

1104 1764 1295 1826 culinariae
1309 1766 1513 1844 praefectus
1526 1766 1613 1828 obiit
1626 1767 1682 1828 die
1697 1771 1725 1828 b.
1736 1767 1823 1847 Apr.
1840 1772 1930 1845 1814.

1189 1904 1311 1967 Edidit
1326 1905 1470 1966 librum:

1192 2049 1435 2103 Kremsmiinster
1446 2068 1500 2103 aus
1513 2050 1616 2103 seinen
1628 2049 1844 2123 Jahrbiichern.
1862 2047 1891 2126 (i.
1902 2069 1928 2106 e.

1103 2150 1303 2207 Cremifanum
1321 2169 1357 2206 ex
1374 2151 1530 2208 annalibus
1547 2148 1629 2227 suis.)
1651 2167 1675 2208 1.
1693 2152 1751 2207 Th.
1769 2153 1811 2210 8⁰.
1829 2152 1929 2228 Steyr,

1102 2254 1203 2310 Greis.
1222 2253 1311 2327 1800.
1325 2253 1388 2326 346
1399 2275 1427 2329 p.
1442 2254 1520 2333 (Alia
1533 2257 1715 2330 exemplaria
1728 2276 1834 2314 anuum
1850 2258 1930 2316 1810

1102 2357 1234 2436 habent.)
1258 2358 1390 2414 Alteram
1412 2362 1514 2435 operis
1538 2375 1652 2435 partem
1675 2363 1795 2436 scriptis
1813 2364 1929 2437 perfec-

1103 2478 1161 2519 tam
1178 2475 1333 2519 auctorem
1351 2466 1447 2539 ipsum
1464 2467 1523 2538 igni
1541 2464 1700 2521 tradidisse
1721 2479 1864 2523 constans
1885 2472 1929 2524 in-

1103 2581 1149 2623 ter
1165 2566 1407 2625 Cremifanenses
1424 2570 1545 2625 traditio
1562 2583 1617 2625 est.

1190 2732 1374 2807 Strasser
1390 2744 1561 2808 Gabriel
1578 2747 1621 2809 II.
1644 2748 1929 2827 (Cremifanen-

1192 2861 1689 2949 AustriacusWaldzellensiS,
1700 2867 1757 2928 die
1772 2869 1928 2934 13.Febr.

1061 2982 1064 3073 7
1103 2982 1184 3042 anni
1213 2986 1292 3044 1823
1317 2994 1421 3045 natus
1429 3034 1438 3065 ,
1462 2984 1697 3065 frequentatis
1722 3008 1800 3050 cum
1823 2991 1928 3053 laude

1102 3105 1233 3165 scholis
1255 3104 1577 3169 Cremifanensibus
1601 3128 1627 3170 s.
1650 3110 1773 3171 habitu
1798 3112 1855 3174 die
1881 3134 1926 3177 11.

1102 3223 1201 3306 Sept.
1221 3231 1300 3304 1841τ
1317 3227 1460 3290 indutus
1477 3230 1679 3311 theologiae
1693 3233 1810 3295 studia
1826 3234 1860 3296 in
1877 3237 1928 3318 ly-

1101 3367 1164 3409 ceo
1181 3348 1358 3410 Linciensi
1378 3351 1540 3432 absolvit,
1566 3352 1772 3432 emissisque
1797 3357 1854 3419 die
1880 3364 1926 3421 13.

1100 3469 1175 3531 Iun.
1205 3475 1283 3548 1848
1309 3471 1400 3532 votis
1424 3472 1652 3535 sollemnibus
1681 3476 1737 3538 die
1762 3498 1811 3539 20.
1837 3478 1928 3542 inse-

190 3506 295 3586 novii,
319 3526 360 3568 ac
385 3507 527 3567 tandem
545 3506 710 3566 Braunae
733 3504 830 3585 prior
851 3505 918 3567 fuit
939 3525 1020 3568 con·
1059 3562 1061 3597 ,

191 3627 345 3688 stitutus
370 3627 477 3687 Vitae
503 3626 688 3688 terminum
710 3626 831 3707 attigit
859 3631 937 3688 1803
962 3627 1019 3688 die
1058 3608 1061 3684 i

1058 3730 1061 3849 7
1100 3714 1930 3820 initiatusest.1848-60adiunctusastronomi,

1101 3591 1241 3671 quentis
1273 3593 1403 3654 mensis
1432 3594 1589 3657 eiusdem
1616 3598 1698 3659 anni
1725 3602 1926 3664 sacerdotio

196 3771 241 3825 11.
262 3749 350 3810 Nov.
376 3748 540 3829 Scripsit:

279 3876 436 3947 lligestum
455 3874 491 3928 de
509 3876 605 3929 sacris
627 3872 732 3929 ritibus
754 3876 784 3929 in
804 3875 1020 3947 augustissimo
1058 3854 1061 3891 ³
1105 3840 1269 3913 1860—73
1288 3847 1529 3912 astr⁰n⁰mu⁸3
1548 3842 1676 3902 demde
1693 3844 1928 3906 Observatorii

191 3983 299 4059 missae
317 3980 467 4035 sacrificio
490 3977 697 4034 &sesi-andis,
722 3979 778 4033 MS.
804 3980 832 4033 jn
857 3985 899 4050 4⁰·
926 3978 1019 4034 νοω.
1058 4022 1061 4061 ,
1100 3959 1340 4040 astronomici,
1372 3962 1638 4044 meteorologici
1670 3973 1705 4026 et
1736 3967 1930 4047 magnetici

192 4088 268 4139 mina
286 4083 314 4148 b,
333 4103 410 4158 quae
428 4087 456 4139 in
470 4083 652 4138 bibliotheca
665 4080 806 4139 abbatiae
819 4084 1020 4139 Braunarien·
1058 4084 1061 4195 7
1101 4080 1263 4163 director,
1286 4086 1451 4162 1852—78
1472 4084 1575 4146 simul
1596 4087 1868 4150 mathematicae
1894 4098 1930 4151 et

190 4192 231 4244 sis
248 4189 460 4244 adservantur.
478 4187 563 4260 Sigss·
581 4190 613 4243 Β·
632 4187 653 4242 Ῑ·
672 4202 700 4242 2·
1058 4212 1061 4289 7
1100 4205 1271 4285 physicae
1283 4204 1319 4267 in
1331 4205 1520 4286 gymnasio
1533 4206 1728 4287 professor:
1742 4228 1770 4270 c.
1781 4229 1806 4271 r.
1821 4230 1930 4272 aurea

277 4315 462 4389 Strasser
486 4325 659 4389 Gabriel
675 4326 701 4389 I.
726 4325 1020 4407 (Cremifanen-

191 4445 271 4524 sis),
294 4453 400 4506 antea
423 4442 610 4526 Georgius,
627 4444 840 4507 Austriacus
857 4443 1020 4508 Steinba-

1100 4344 1179 4386 cum
1197 4346 1327 4388 corona
1348 4346 1451 4389 cruce
1475 4347 1541 4409 pro
1565 4328 1638 4390 suis
1661 4329 1796 4392 meritis
1821 4330 1929 4414 insig-

1100 4446 1204 4510 nitus

191 4565 316 4646 censiS,
335 4576 440 4627 natus
460 4569 507 4627 15.
525 4566 629 4627 Febr.
652 4570 742 4646 1752,
764 4566 883 4628 studia
898 4567 1020 4628 huma·
1188 4569 1330 4650 Scripta
1347 4573 1422 4633 eius
1439 4582 1520 4635 sunt
1536 4573 1737 4653 sequentia:

191 4687 312 4748 nitatis
334 4699 369 4747 et
385 4687 631 4767 philosophica
647 4687 682 4748 in
698 4687 887 4769 gymnasio
911 4696 948 4749 et
968 4687 1020 4768 ly·
1186 4695 1208 4750 Ι.
1232 4696 1547 4768 Kegelschnittslinien
1569 4697 1645 4752 nach
1662 4696 1719 4752 den
1737 4697 1927 4770 wichtigsten

191 4828 254 4869 020
276 4808 530 4870 cremifanensi
554 4807 739 4888 percurrit,
764 4809 909 4890 expleto
937 4808 1019 4871 tiro.
1058 4814 1060 4839 ¹
1100 4798 1262 4854 Methoden
1279 4802 1330 4855 mit
1343 4799 1509 4855 Riicksicht
1521 4799 1574 4855 der
1585 4799 1838 4873 geschichtlichen
1853 4801 1926 4857 Ent-

191 4929 535 5009 CiniiannoeadeQ
557 4948 628 5010 qua
643 4937 829 5011 natusest,
856 4929 1018 5009 die1776
1058 4870 1060 4995 7
1100 4898 1280 4976 wickelung.
1298 4900 1327 4979 (i.
1345 4921 1371 4958 e.
1389 4904 1572 4959 Dissertatio
1588 4903 1625 4959 de
1642 4902 1827 4960 sectionibus
1845 4909 1927 4962 coni-

1058 5014 1060 5049 Ι
1101 5004 1165 5083 cis.)
1182 5005 1530 5081 Gymnasialprogramm
1549 5005 1638 5079 1863.
1652 5008 1737 5072 Linz‚
1751 5008 1856 5064 Druck
1867 5028 1928 5065 von

336 5173 342 5185 ,
375 5173 380 5185 ,
469 5173 475 5185 ,
659 5173 665 5184 ,
776 5171 782 5185 ,
828 5171 834 5185 ,
1057 5146 1060 5177 :
1098 5109 1124 5183 J
1142 5109 1350 5183 Feichtingers
1368 5109 1479 5165 Erben.
1501 5116 1543 5183 4⁰.
1567 5110 1607 5184 69
1624 5131 1653 5186 p.
1677 5112 1788 5187 Verlag
1804 5112 1859 5168 der
1876 5115 1928 5169 Di.

190 5192 270 5233 nem
288 5175 399 5235 edidit
416 5183 451 5234 et
468 5183 686 5254 insequentis
703 5192 785 5234 anm
801 5173 858 5234 die
877 5192 904 5250 7.
918 5171 1017 5254 Sept.
1057 5188 1060 5283 7
1100 5233 1114 5268 r
1117 5231 1133 5268 e
1135 5214 1225 5268 mon·

191 5052 395 5113 sollemnem
414 5062 575 5113 votorum
591 5049 807 5133 regularium
827 5049 1019 5132 professio·

191 5295 462 5356 sollemnitatem
475 5295 661 5357 millenarii
671 5293 945 5357 Cremifanensis
958 5314 1019 5357 no·
1057 5288 1060 5325 ⁵
1186 5317 1222 5372 ῃ,
1235 5315 1765 5393 Sternschnuppenbeobachtungen.
1782 5317 1812 5398 (7,
1824 5339 1851 5377 e,
1862 5320 1927 5377 01).

191 5435 256 5477 vus
273 5418 319 5477 ad
336 5438 432 5478 aram
454 5418 622 5478 sacerdos
643 5417 790 5478 adstans
811 5416 1018 5496 auspicatus
1099 5424 1287 5478 servationes
1303 5424 1509 5479 traiectionum
1531 5420 1706 5499 stellarum.)
1728 5423 1928 5500 Abgedruckt

1669 5525 1721 5587 51*
