4252 6112
934 478 1188 561 ,64-

194 682 281 743 chus
303 678 523 760 Raigraden.
545 687 627 740 tunc
647 677 815 739 historiae
839 676 1019 758 professor

194 800 270 880 fuit,
286 800 390 863 huius
406 800 575 862 scientiae
591 818 710 861 amore
726 798 882 861 incaluit.
905 799 1019 862 Theo·

192 924 310 1006 logiae
335 922 461 985 studiis
484 902 519 984 in
540 922 700 984 instituto
721 921 915 1003 episcopali
931 921 1019 982 Bru-

193 1064 261 1108 nae
277 1065 422 1126 operam
438 1044 547 1125 dedit,
563 1055 619 1106 ast
639 1045 857 1107 solummodo
874 1063 939 1124 per
959 1064 1019 1106 an-

153 1200 161 1217 ·
194 1190 274 1231 num
299 1188 415 1249 unum,
442 1187 511 1249 quo
536 1169 700 1229 absoluto
723 1167 758 1228 in
782 1175 938 1229 nostrum
963 1186 1019 1227 su-

192 1291 281 1371 scipi
313 1289 564 1352 monasterium
595 1289 784 1369 anhelavit,
815 1287 914 1350 cuius
945 1289 1018 1350 voti

194 1433 340 1495 compos
361 1413 477 1475 factus
503 1433 552 1473 21.
573 1411 668 1493 Aug.
695 1415 774 1473 1830
791 1411 936 1473 Victore
957 1412 1018 1471 ab·

192 1538 275 1599 bate
292 1536 435 1598 indutus
449 1535 525 1597 fuit.
542 1535 642 1596 Beda
655 1542 776 1596 noster
788 1533 906 1595 studia
920 1533 1018 1595 theo·

165 1647 168 1653 ¹
191 1658 308 1740 logica
328 1658 481 1738 Brunae,
506 1666 542 1719 et
562 1668 688 1738 postea
710 1655 882 1719 Olomucii
908 1655 1018 1717 conti·

192 1781 324 1862 nuavit,
349 1780 523 1860 simulque
544 1777 798 1861 philosophicis
823 1776 1017 1858 disciplinis

192 1911 290 1965 totus
302 1911 455 1983 quantus
469 1921 507 1963 se
521 1900 627 1962 dedit.
642 1901 748 1962 Anno
763 1903 842 1977 1830
852 1898 1018 1962 Calendis

193 2021 1018 2106 Septembribusvotissollemnibusmonasterio

193 2146 385 2209 adstrictus
398 2145 561 2207 examina
570 2144 730 2227 rigorosa
742 2144 777 2205 in
788 2143 1018 2205 universitate

193 2268 419 2335 Olomucensi
431 2277 617 2330 tantacum
626 2268 731 2329 laude
745 2267 863 2346 subiit,
873 2275 911 2328 ut
921 2267 1018 2328 theo-

192 2393 296 2474 logus
317 2392 398 2453 anni
421 2391 534 2471 quarti
551 2389 797 2472 philosophiae
813 2391 1018 2451 doctoratus

192 2515 314 2578 laurea
329 2513 517 2595 insignitus
533 2512 649 2575 fuerit.
674 2511 781 2574 Anno
806 2516 886 2589 1840
902 2530 1019 2572 sacer-

193 2637 290 2699 dotio
309 2635 468 2698 initiatus
489 2645 525 2698 et
544 2634 706 2715 primitiis
722 2632 910 2715 Raigradii
928 2633 1018 2694 8818-

191 2760 304 2822 bratis
328 2758 493 2821 Calendis
515 2757 730 2821 Octobribus
755 2756 912 2818 eiusdem
936 2755 1017 2817 anni

193 2882 397 2945 cathedram
413 2879 628 2962 philologiae
642 2877 802 2941 Graecae
819 2887 855 2940 et
871 2877 1018 2940 Latinae

1098 678 1192 739 eluto
1208 678 1400 740 ministerio
1412 680 1620 760 adprobate,
1635 681 1768 743 hancce
1784 680 1926 743 inchoa-

1098 801 1149 862 vit
1167 800 1307 881 publice
1325 802 1452 862 docere
1470 801 1700 882 disciplinam.
1722 802 1783 863 Dr.
1798 802 1838 863 B.
1851 802 1926 864 Du·

1099 922 1160 984 dtk
1177 942 1245 984 non
1262 923 1440 1004 acquievit
1456 924 1663 996 cathedrae;
1677 925 1740 985 sed
1757 924 1839 986 inde
1856 924 1925 986 iarn

1099 1047 1144 1107 ab
1167 1065 1260 1107 anno
1289 1049 1367 1123 1848
1391 1045 1508 1107 varios
1532 1046 1638 1107 subiit
1662 1047 1811 1126 labores,
1836 1067 1926 1127 quos

1099 1167 1241 1248 quidem
1260 1167 1348 1248 rudi,
1373 1178 1429 1229 ast
1452 1167 1593 1229 veritati
1614 1168 1757 1230 addicto
1778 1169 1926 1248 calam0,

1098 1292 1202 1352 modo
1214 1290 1461 1373 chronologico
1471 1292 1645 1352 benevolo
1656 1291 1779 1353 lectori
1793 1310 1925 1372 propo·

1098 1432 1231 1476 namus
1249 1413 1354 1475 Anno
1368 1418 1446 1492 1848
1460 1433 1538 1475 811111
1551 1415 1660 1476 multa
1672 1424 1708 1476 et
1717 1414 1825 1494 varia,
1839 1433 1928 1476 vera

1098 1544 1134 1597 et
1148 1535 1248 1615 falsa,
1272 1535 1365 1597 circa
1386 1545 1515 1597 statum
1536 1535 1718 1597 Moraviae
1742 1536 1926 1617 politicum

1099 1665 1133 1718 et
1161 1656 1423 1719 oeconomicum
1448 1656 1689 1738 proferrentur
1712 1667 1750 1719 ut
1774 1677 1928 1739 cynosu-

1098 1797 1171 1839 ram
1181 1778 1357 1858 quandam
1368 1780 1546 1857 conderet,
1556 1779 1677 1840 Dudik
1688 1779 1928 1842 elucubratio-

1098 1903 1235 1962 nessub
1245 1899 1783 1981 titulo:,StatisticaMoraviae“
1791 1902 1928 1982 publici

1097 2022 1182 2083 iuris
1199 2021 1293 2085 fecit.
1322 2023 1455 2084 Eodem
1471 2042 1573 2104 anne,
1594 2034 1731 2085 mortuo
1756 2028 1802 2085 13.
1818 2024 1927 2087 Mart.

1103 2149 1180 2223 1847
1195 2144 1391 2207 archivario
1402 2154 1437 2207 et
1447 2145 1732 2227 historiographo
1742 2146 1928 2209 Moraviae

1099 2267 1255 2329 Antonio
1272 2267 1423 2349 Boczek,
1448 2268 1605 2348 suscepit
1621 2268 1664 2329 D.
1688 2288 1732 2329 ex
1757 2271 1928 2331 mandato

1099 2389 1317 2451 dominorum
1352 2389 1535 2452 Moraviae
1569 2391 1813 2472 delegatorum
1856 2411 1927 2453 non

1098 2513 1341 2574 tantummodo
1372 2512 1615 2575 collectionem
1645 2513 1848 2575 historicam
1875 2513 1928 2575 sic

1099 2632 1229 2695 dictam
1238 2633 1487 2696 Cerronianam
1501 2635 1621 2697 critice
1632 2635 1846 2716 examinare,
1862 2637 1927 2698 sed

1099 2765 1134 2818 et
1158 2757 1400 2818 collectionem
1421 2756 1679 2819 Boczekianam
1703 2757 1753 2820 ita
1774 2758 1929 2819 conscri-

1097 2880 1192 2960 bere,
1207 2888 1245 2941 ut
1257 2880 1339 2941 inde
1353 2879 1508 2961 delegati
1521 2890 1787 2961 cognoscerent,
1802 2882 1928 2961 quanti

193 3013 229 3066 et
245 3003 383 3064 duobus
404 3001 505 3063 annis
526 3010 608 3081 post
630 3000 735 3063 etiam
756 2999 924 3062 historiae
944 2999 1019 3060 uni·
1099 3001 1203 3083 pretii
1220 3010 1323 3081 esset,
1348 3001 1376 3061 si
1393 3002 1481 3063 haec
1502 3002 1663 3064 collectio
1679 3011 1847 3083 tanquam
1865 3006 1934 3066 ad:

192 3125 341 3188 versalis
370 3124 405 3186 in
430 3125 531 3206 lyceo
563 3122 807 3205 philosophico
833 3121 1018 3202 Brunensi,
1099 3123 1331 3185 ditamentum
1347 3126 1394 3185 ad
1410 3125 1589 3186 archivum
1611 3133 1725 3186 terrae
1742 3124 1929 3188 Moraviae

191 3246 403 3329 professoris
419 3246 539 3326 Volny
554 3264 748 3325 successor,
765 3244 935 3306 ascendit.
959 3240 1019 3306 Sic
1099 3245 1250 3324 publicis
1259 3246 1459 3326 sumptibus
1468 3256 1741 3325 compararetur.
1759 3247 1929 3327 Proposi-

192 3369 372 3452 professor
402 3368 565 3449 publicus
591 3365 788 3428 ordinarius
816 3364 1019 3427 denomina·
1057 3362 1060 3381 '
1099 3366 1195 3429 tione
1211 3376 1360 3449 accepta
1376 3377 1411 3430 et
1427 3367 1635 3429 collectione
1652 3367 1826 3447 acquisita
1844 3370 1927 3430 novi

193 3501 260 3572 tus,
273 3493 354 3554 inde
367 3493 413 3553 ab
426 3510 518 3553 anno
535 3493 613 3568 1845
629 3488 887 3569 praelectiones
901 3498 1019 3551 extra·
1057 3446 1060 3591 Ι
1098 3489 1232 3552 archivi
1266 3498 1381 3551 terrae
1418 3489 1600 3551 Moraviae
1631 3489 1753 3551 Dudik
1787 3491 1928 3551 radices

193 3614 387 3677 ordinarias
400 3633 420 3675 e
432 3613 553 3695 lingua
566 3621 602 3674 et
615 3612 814 3675 litteratura
826 3611 1018 3673 Bohemica
1099 3613 1183 3695 egit.
1207 3612 1316 3673 Hisce
1332 3612 1458 3674 studiis
1479 3620 1673 3692 occupatus
1694 3631 1807 3691 nuper
1824 3632 1926 3673 exor-

192 3738 324 3821 primus
351 3737 386 3798 in
416 3735 577 3798 instituto
604 3735 779 3797 Brunensi
811 3734 952 3815 incepit,
982 3733 1018 3796 in
1099 3746 1157 3797 tae
1178 3733 1375 3815 quaestioni
1398 3736 1442 3795 de
1462 3734 1721 3795 marchionatus
1742 3734 1926 3796 Moraviae

194 3879 340 3941 quarum
364 3858 558 3920 subsidium
579 3857 828 3920 bibliothecam
849 3856 1017 3918 librorum
1098 3860 1143 3919 ad
1165 3857 1400 3938 principatum
1420 3855 1643 3937 Oppariense
1667 3856 1847 3936 relatione,
1871 3878 1925 3918 sa·

192 3982 294 4044 huius
311 3981 497 4061 idiomatis,
520 3980 701 4061 discipulis
718 3998 940 4060 summopere
958 3999 1018 4039 ex·
1099 3979 1239 4060 tisfecit,
1265 3999 1356 4042 anno
1377 3983 1458 4040 1850
1473 3978 1508 4040 in
1525 3998 1644 4058 opere,
1669 3987 1795 4058 postea
1811 3979 1924 4058 publi-

193 4113 362 4186 optatam,
388 4102 560 4164 fundavit.
596 4102 683 4165 Cum
710 4121 795 4163 vero
819 4122 911 4162 anno
939 4106 1018 4178 1848
1099 4112 1179 4164 cato
1196 4102 1366 4165 Viennae.
1399 4101 1534 4181 Quibus
1550 4101 1712 4163 omnibus
1728 4119 1858 4161 novum
1875 4101 1924 4161 in-

192 4245 285 4289 novo
308 4224 504 4287 studiorum
527 4223 562 4284 in
580 4223 726 4285 Austria
750 4234 945 4306 systemate
968 4225 1020 4304 ly·
1058 4302 1061 4333 ¹
1100 4224 1369 4304 cipitP.Bedae
1383 4224 1606 4297 curriculum;
1625 4223 1835 4303 professoris
1851 4243 1924 4284 mu-

193 4367 293 4411 ceum
310 4345 592 4427 philosophicum
613 4345 800 4427 gymnasio
822 4365 850 4405 c.
867 4366 894 4408 r.
915 4365 1020 4426 supe·
1058 4340 1061 4457 J
1100 4365 1184 4408 nere
1204 4348 1250 4407 ad
1266 4357 1407 4426 tempus
1423 4347 1588 4408 abdicato
1606 4346 1739 4428 ingenii
1758 4346 1811 4407 sui
1828 4346 1924 4406 acies

192 4471 272 4533 riori
298 4469 465 4547 uniretur,
490 4470 551 4530 Dr.
568 4469 699 4547 Dudik,
723 4468 759 4529 in
781 4488 823 4530 80
839 4467 1020 4548 professor
1100 4468 1298 4531 omnimode
1323 4468 1479 4530 fontibus
1506 4468 1681 4531 historicis
1712 4467 1924 4549 indagandis

192 4591 415 4671 constitutus,
441 4590 631 4671 historiam,
659 4590 926 4672 geographiam,
955 4610 1018 4652 nec
1100 4591 1294 4653 dedicatur.
1322 4592 1447 4653 Mense
1467 4591 1563 4653 Maio
1586 4596 1665 4653 1850
1685 4591 1812 4652 delecti
1833 4591 1925 4651 ordi-

191 4735 261 4777 non
277 4714 346 4776 iarn
364 4713 500 4793 pridem
518 4714 717 4775 adamatam
739 4732 854 4774 rerum
877 4722 1019 4775 natura·
1099 4733 1182 4776 num
1205 4714 1397 4795 Moraviae,
1422 4723 1460 4775 ut
1483 4733 1598 4795 genus
1618 4722 1653 4774 et
1674 4712 1825 4793 pretium
1849 4713 1925 4773 the-

1057 4766 1060 4803 Ι

190 4838 275 4899 1111111
288 4835 509 4917 disciplinam
522 4837 744 4898 tractandam
756 4835 922 4916 suscepit.
940 4834 1018 4914 Quo
1057 4808 1060 4891 1
1099 4835 1192 4897 sauri
1208 4835 1377 4915 litterarii,
1392 4855 1457 4916 per
1470 4833 1605 4898 Succos
1618 4835 1653 4896 in
1668 4835 1761 4895 bello
1779 4834 1925 4916 triginta

191 4954 336 5021 munere
364 4977 475 5039 usque
503 4960 548 5020 ad
579 4962 659 5035 1854
686 4957 828 5021 functus
857 4957 1018 5039 sequenti
1056 4944 1060 5069 Ι
1098 4956 1524 5039 fercannosdurante,ex
1536 4956 1925 5019 MoraviaetBohemia

191 5079 227 5141 in
242 5080 334 5142 alma
352 5080 582 5142 universitate
599 5078 792 5142 Viennensi
815 5081 1019 5142 cathedram
1099 5080 1218 5160 ablati,
1235 5088 1502 5162 cognoscerent,
1521 5079 1655 5140 Bedam
1672 5079 1793 5141 Dudik
1810 5080 1925 5160 publi·

192 5198 340 5263 fontium
356 5203 524 5265 historiae
541 5202 645 5264 medii
662 5202 742 5265 aevi
764 5203 1019 5265 elucubranda-

192 5342 268 5385 rum
291 5322 457 5386 fundator
481 5325 651 5405 ascendit,
676 5344 757 5386 nam
779 5325 912 5405 primus
932 5332 1018 5395 erat,

193 5443 252 5523 qui
269 5445 391 5507 ordine
412 5449 458 5509 ab
474 5467 517 5510 eo
533 5447 673 5511 noviter
690 5457 839 5510 exarato
855 5455 891 5508 et
907 5446 953 5507 ab
969 5446 1020 5508 in·

1099 5202 1150 5264 cis
1166 5201 1365 5282 sumptibus
1378 5203 1412 5264 in
1426 5200 1588 5266 Sueciam
1602 5202 1779 5283 miserunt,
1794 5203 1853 5264 ubi
1866 5204 1924 5263 ilie

1100 5322 1362 5388 Stockholmiae
1378 5325 1414 5387 in
1429 5324 1572 5387 archivo
1589 5325 1688 5407 regio
1709 5326 1768 5387 diu
1787 5326 1924 5387 deside-

1099 5458 1212 5510 ratam
1233 5457 1394 5529 quartam
1415 5458 1552 5529 partem
1573 5449 1691 5529 operis
1708 5448 1924 5529 Chemnitzii,
