4222 6106
995 445 1234 507 „LX-

247 672 382 734 Altaha
404 672 576 752 superior,
603 671 798 752 Aspacum,
829 671 858 732 F
860 671 1027 751 ornbach,
1057 668 1177 732 Cellae
1205 670 1388 733 Marianae
1416 673 1463 732 ad
1490 671 1711 754 Prennberg,
1742 671 1846 753 Rott,
1870 672 1989 753 Aettl,

248 810 547 871 Blankenstetten
570 807 917 871 confoederationem
940 807 1102 871 iniissent
1125 818 1233 889 atque
1256 807 1349 871 inter
1365 828 1408 870 ea
1424 809 1660 889 convenisset,
1684 817 1724 872 ut
1747 829 1794 872 ex
1819 810 1990 873 omnibus

247 947 472 1010 monasteriis
502 945 725 1028 professores
753 948 1011 1027 praeberentur
1044 956 1152 1027 atque
1184 946 1346 1009 monachi
1377 946 1413 1008 In
1445 946 1717 1011 universitatem
1749 948 1989 1029 mitterentur,

247 1085 360 1163 Paris,
384 1104 504 1146 comes
527 1086 571 1147 de
596 1084 737 1146 Lodron
761 1085 1013 1165 (rom-1653),
1037 1084 1098 1165 qui
1120 1084 1244 1147 Marco
1267 1095 1504 1164 successerat,
1538 1104 1631 1147 anno
1660 1090 1741 1148 1620
1763 1089 1810 1148 ab
1834 1087 1991 1167 impera·

247 1234 324 1285 tore
347 1222 574 1284 ferdinando
597 1223 641 1285 II.
666 1242 880 1302 caesaream,
905 1222 1146 1303 quinquennio
1169 1233 1252 1304 post
1276 1225 1322 1285 ab
1346 1222 1493 1285 Urbano
1516 1223 1615 1287 VIII.
1640 1225 1737 1286 sedis
1762 1225 1990 1306 apostolicae

247 1361 401 1423 obtinuit
424 1361 671 1423 auctoritatem
695 1380 775 1423 cum
798 1360 873 1422 iure
896 1360 1075 1423 tribuendi
1090 1361 1243 1422 honores
1260 1361 1485 1423 academicos
1501 1362 1537 1423 in
1554 1371 1723 1443 quattuor
1738 1361 1989 1427 facultatibus.

247 1499 350 1561 Nova
372 1500 461 1561 haec
485 1498 698 1561 universitas
722 1498 780 1561 die
808 1519 855 1562 11.
873 1498 952 1563 Oct.
978 1502 1057 1562 1623
1082 1499 1301 1561 sollemniter
1323 1499 1489 1562 dedicata
1512 1511 1548 1564 et
1571 1501 1608 1563 in
1631 1513 1845 1583 perpetuum
1870 1504 1990 1565 Bene-

248 1636 460 1698 dictinorum
481 1635 595 1698 ordini
622 1636 806 1717 adscripta
822 1646 887 1700 est.
918 1637 1024 1699 Initio
1041 1636 1193 1718 quidem,
1212 1657 1291 1699 cum
1307 1647 1422 1700 ortum
1438 1649 1535 1702 esset
1557 1639 1690 1702 bellum
1706 1641 1855 1724 triginta
1877 1659 1991 1702 anno·

247 1795 333 1855 rum,
366 1776 452 1836 urbs
483 1795 561 1837 cum
594 1775 827 1838 universitate
857 1775 997 1857 magnis
1028 1774 1293 1838 calamitatibus
1316 1777 1561 1857 premebatur,
1595 1788 1633 1839 ut
1657 1778 1765 1841 etiam
1788 1778 1991 1841 academici

247 1913 346 1976 cives
362 1912 468 1974 armis
484 1912 637 1993 arreptis
661 1915 784 1975 urbem
801 1921 925 1975 contra
941 1911 1090 1976 Suecios
1106 1913 1329 1994 rusticosque
1353 1913 1388 1975 in
1412 1914 1545 1976 bellum
1570 1924 1712 1978 coortos
1735 1915 1990 1987 defenderent:

248 2050 308 2112 ubi
324 2070 411 2112 vero
435 2049 545 2112 otium
569 2068 648 2111 esse
671 2050 798 2130 coepit,
824 2050 930 2113 etiarn
953 2070 1010 2113 res
1034 2051 1277 2115 universitatis
1300 2053 1394 2114 laete
1418 2064 1679 2133 processerunt.
1713 2054 1821 2117 Anno
1841 2060 1922 2118 1053
1940 2058 1989 2118 ad

248 2190 457 2252 societatem
480 2189 632 2251 accessit
651 2189 886 2271 congregatio
902 2189 1355 2271 Austriaco·Benedictina,
1378 2190 1413 2252 in
1430 2211 1501 2271 qua
1515 2192 1605 2254 haec
1628 2200 1731 2254 erant
1752 2192 1988 2256 monasteria:

247 2326 496 2407 Cremifanum,
520 2326 746 2407 Lambacum,
776 2327 1007 2408 Lunaelacus,
1036 2325 1200 2408 Garsten,
1230 2326 1452 2408 Gluniacum,
1480 2330 1527 2390 ad
1554 2328 1706 2409 MonteS,
1735 2349 1762 2391 s.
1792 2330 1990 2408 Lamberti,

249 2488 275 2528 s.
292 2465 405 2545 Pauli,
422 2464 619 2545 Ossiacum,
643 2484 671 2526 s.
688 2464 850 2545 Arnoldi,
866 2465 1070 2544 Mellicium,
1096 2463 1325 2546 Gottvicium,
1342 2464 1632 2547 Seitenstadium‚
1650 2466 1771 2529 Cellae
1787 2467 1990 2547 Marianae,

247 2604 521 2684 Altenburgum,
534 2601 722 2666 Scotorum
735 2603 1076 2665 Vindobonensium.
1102 2602 1218 2666 Etiam
1235 2603 1450 2666 monasteria
1467 2604 1671 2667 Bfevnovia
1687 2616 1723 2667 et
1740 2605 1935 2668 Cladrubia
1953 2606 1990 2668 in

247 2742 434 2822 Iloliemia,
457 2762 485 2804 s,
509 2742 653 2805 Martini
677 2741 712 2804 in
736 2762 764 2806 s.
787 2740 911 2803 Monte
935 2742 1157 2822 Pannoniae,
1181 2742 1398 2805 monasteria
1421 2742 1620 2804 Tirolensia
1643 2753 1680 2806 et
1701 2742 1872 2805 Austriae
1895 2744 1989 2806 cisa·

245 2884 408 2944 rulanae:
438 2879 474 2942 S.
499 2878 658 2962 Georgii,
689 2879 1042 2962 Mariaemontanum,
1075 2880 1197 2963 Augia
1219 2880 1330 2943 maior
1353 2892 1436 2943 ante
1459 2890 1616 2943 montem
1639 2881 1800 2963 Arulam,
1828 2882 1874 2944 ad
1902 2901 1989 2944 con·

246 3018 528 3081 foederationem
559 3027 788 3080 accesserunt
823 3018 1043 3099 clericosque
1078 3018 1259 3081 miserunt.
1306 3019 1404 3080 Idem
1436 3019 1600 3081 fecerunt
1630 3021 1719 3082 haec
1751 3019 1990 3082 monasteria:

246 3157 554 3239 (rengenbacense
577 3169 614 3218 et
637 3155 913 3219 Schutteranum
937 3156 972 3217 in
997 3155 1205 3238 Brisgovia,
1237 3156 1266 3217 F
1269 3157 1417 3218 uldense
1444 3157 1482 3218 in
1512 3157 1715 3238 Buchonia,
1747 3178 1774 3219 s.
1798 3158 1991 3220 Michaelis

246 3297 289 3358 ad
316 3297 546 3377 liabenberg,
578 3294 811 3358 Schwarzach
838 3295 873 3356 in
897 3294 925 3355 F
928 3294 1104 3373 ranconia,
1136 3314 1163 3356 s.
1192 3294 1393 3376 Meginradi
1418 3295 1453 3357 in
1476 3295 1641 3374 Herem0,
1666 3316 1693 3358 s.
1721 3293 1827 3373 Galli,
1858 3296 1988 3358 Rhen-

246 3434 354 3515 augia
376 3433 412 3495 in
437 3433 615 3512 Helvetia,
646 3433 806 3516 'I’yrense
838 3433 873 3494 in
904 3432 1078 3512 Lithavia,
1112 3431 1431 3495 Saecischoviense
1455 3443 1491 3495 et
1514 3434 1725 3514 Tynecense
1756 3434 1791 3496 in
1823 3433 1988 3513 Polonia,

247 3572 516 3653 (lampidonum,
534 3570 954 3650 1⁴'uessen,l⁴’ultenbach,
972 3568 1262 3650 Ochsenhausen,
1280 3571 1499 3653 Wiblingen,
1512 3570 1760 3652 Weingarten,
1778 3570 1990 3634 Zwiefalten

247 3710 281 3772 in
306 3709 449 3789 Suevia,
474 3710 654 3791 SIgeberg
676 3728 789 3791 prope
814 3706 1007 3788 Coloniam,
1032 3728 1058 3770 s.
1082 3708 1180 3771 Petri
1204 3708 1239 3770 in
1256 3708 1525 3790 Abdinghofen,
1550 3708 1702 3771 Corbeia
1717 3729 1822 3788 nova,
1844 3709 1991 3772 Lierns·

248 3851 425 3910 bornense
449 3849 484 3910 in
508 3847 745 3928 westphalia.

377 3984 610 4065 l’raepositus
634 3996 711 4046 erat
735 3985 958 4048 universitati
982 4005 1139 4066 praeses,
1164 4005 1210 4047 ex
1235 3987 1404 4047 abbatum
1422 3984 1753 4047 confoederatorum
1777 4003 1927 4047 numero
1952 3984 1990 4047 in

247 4134 321 4186 tres
344 4142 457 4185 annos
481 4124 626 4201 electus,
652 4123 751 4184 cuius
776 4122 810 4184 in
834 4132 1014 4202 potestate
1039 4132 1125 4203 erat,
1158 4122 1331 4204 quidquid
1358 4123 1404 4183 ad
1433 4123 1547 4202 ipsam
1577 4123 1783 4203 pertinebat
1814 4122 1992 4185 universi·

248 4270 370 4340 tatem,
394 4260 427 4321 in
452 4260 574 4341 primis
598 4261 770 4323 scrutatio
793 4260 984 4342 quotannis
1008 4263 1183 4324 obeunda.
1229 4261 1271 4323 Ei
1301 4261 1414 4323 additi
1444 4271 1545 4324 erant
1577 4261 1733 4342 quinque
1764 4261 1992 4341 assistentes,

250 4418 397 4480 quorum
421 4398 588 4479 princeps
616 4397 788 4461 assistens
816 4409 1012 4479 perpetuus
1040 4408 1126 4462 erat.
1173 4398 1261 4461 Eum
1291 4400 1406 4461 locum
1438 4399 1642 4479 obtinebat,
1674 4398 1877 4480 quicunque
1908 4408 1993 4461 erat

249 4538 363 4598 abbas
386 4556 412 4598 s.
438 4536 536 4598 Petri
560 4536 769 4619 Salisburgi.
816 4537 944 4618 Ceteri,
968 4548 1007 4600 ut
1029 4537 1217 4600 triennium
1242 4539 1409 4620 quodque
1432 4538 1579 4617 exierat,
1609 4539 1655 4599 ab
1683 4537 1877 4599 abbatibus
1904 4555 1992 4598 con·

249 4673 443 4738 foederatis
467 4673 692 4755 eligebantur
714 4674 843 4757 singuli
868 4695 914 4737 ex
938 4686 1090 4757 quatuor
1117 4675 1327 4756 provinciis,
1362 4695 1454 4757 quae
1485 4674 1796 4738 confoederatione
1828 4674 1992 4738 contine·

250 4815 395 4875 bantur:
429 4812 729 4896 Salisburgensis,
760 4813 1004 4895 Bavariensis,
1036 4813 1255 4895 Sueviensis,
1279 4815 1481 4876 Austriaca.
1526 4813 1683 4876 Decreta
1713 4813 1832 4875 omnia
1863 4811 1992 4876 confir-

251 4955 380 5013 manda
405 4962 505 5014 erant
529 4971 664 5013 summa
688 4951 950 5032 archiepiscopi
974 4951 1259 5035 salisburgensis
1283 4952 1505 5014 auctoritate.

380 5090 517 5153 Rerum
542 5090 813 5153 domesticarum
839 5089 1098 5152 administratio
1122 5089 1157 5151 in
1182 5090 1309 5172 „Alma
1332 5088 1586 5151 Benedictina“
1617 5089 1741 5151 eadem
1769 5097 1863 5170 erat,
1895 5107 1992 5168 quae

251 5228 286 5287 in
311 5226 439 5288 ceteris
464 5227 763 5292 universitatibus.
810 5226 985 5308 Princeps
1009 5228 1163 5292 omnium
1187 5238 1265 5289 erat
1286 5227 1424 5289 Rector
1447 5225 1671 5309 Magnificus,
1695 5226 1731 5289 in
1754 5225 1946 5290 triennium
1971 5247 1993 5289 a

252 5362 513 5443 professoribus
535 5367 883 5429 elienedictinorum
908 5387 1052 5429 numero
1078 5368 1222 5445 electus,
1248 5365 1307 5446 qui
1330 5364 1548 5446 amplissima
1572 5375 1717 5428 ornatus
1744 5363 1993 5428 iurisdictione
