4222 6106
871 506 914 514 —
960 469 1082 532 XLIII
1127 508 1167 516 —

149 692 443 773 archiepiscopus
476 692 593 756 factus
625 701 698 774 est,
730 693 944 774 Tergestum
979 695 1177 775 petierunt,
1213 694 1274 756 ubi
1308 705 1487 757 annuente
1524 705 1561 759 et
1595 696 1740 760 iuvante
1775 698 1890 762 Maria

149 830 332 913 Theresia,
355 831 526 895 Austriae
547 831 783 913 imperatrice,
807 852 937 894 novam
961 833 1277 914 congregationem
1301 834 1535 898 condiderunt
1551 837 1584 916 ¹).

280 971 407 1051 Itaque
431 969 590 1033 ordinem
613 989 640 1032 s.
658 970 846 1034 Benedicti
869 991 916 1035 ex
937 972 1004 1033 hac
1029 991 1169 1053 quoque
1194 982 1409 1053 tempestate
1433 975 1595 1054 quamvis
1618 975 1752 1038 viribus
1775 977 1886 1040 immi-

149 1121 273 1173 nutum
296 1120 416 1173 tamen
439 1129 510 1172 non
533 1109 686 1173 fractum
710 1109 886 1190 prodiisse
910 1111 1082 1173 videmus.

930 1455 1036 1519 CAP.
1059 1455 1103 1516 V.

279 1663 404 1727 Novae
442 1663 620 1745 procellae
659 1663 774 1726 ordini
811 1664 928 1726 medio
968 1665 1111 1726 saeculo
1150 1664 1439 1727 duodevicesimo
1478 1664 1737 1729 imminuerunt.
1783 1667 1883 1748 Quae

148 1803 274 1866 turbae
297 1801 367 1864 illis
391 1801 559 1864 doctrinis
582 1800 830 1864 efficiebantur
853 1813 889 1864 et
912 1802 1109 1882 alebantur,
1135 1821 1226 1882 quae
1251 1821 1297 1864 ex
1314 1801 1432 1864 Gallia
1448 1802 1632 1883 profectae
1656 1813 1769 1866 totum
1793 1807 1885 1869 occi·

148 1942 293 2003 dentem
327 1940 526 2003 miscebant
560 1950 596 2004 et
630 1940 788 2022 speciem
823 1939 1070 2020 philosophiae
1105 1959 1191 2019 prae
1226 1959 1265 2001 se
1300 1939 1456 2002 ferentes
1491 1941 1675 2023 antiquum
1704 1942 1883 2008 vinculum

147 2080 339 2160 potestatis
362 2079 629 2144 ecclesiasticae
653 2091 689 2143 et
714 2078 830 2142 civilis
853 2079 1107 2143 dissolvebant.
1152 2079 1229 2141 Has
1253 2079 1443 2159 doctrinas,
1474 2098 1566 2160 quae
1593 2080 1775 2143 ordinibus
1803 2083 1883 2145 reli-

146 2218 259 2300 giosis
287 2217 480 2299 praecipue
505 2217 623 2281 fraudi
655 2228 773 2299 erant,
805 2237 850 2280 ne
880 2218 1062 2299 principes
1089 2218 1392 2299 Habsburgenses
1424 2218 1567 2298 quidem
1598 2239 1619 2280 a
1648 2218 1778 2282 finibus
1810 2220 1883 2283 suis

146 2377 269 2420 arcere
292 2368 494 2440 potuerunt.
532 2359 659 2439 Itaque
682 2356 817 2420 factum
840 2366 905 2438 est,
928 2367 968 2419 ut
991 2356 1041 2419 ibi
1063 2357 1163 2439 leges
1186 2356 1371 2439 ferrentur,
1402 2356 1531 2437 quibus
1558 2356 1716 2438 religiosi
1744 2357 1780 2420 in
1808 2358 1883 2421 iure

145 2515 210 2559 suo
232 2497 564 2577 interpellebantur.

276 2634 384 2696 Tales
400 2641 502 2696 erant
517 2634 618 2716 leges
634 2653 766 2715 graves
780 2634 824 2694 de
837 2631 1173 2714 amortisationibus,
1188 2652 1279 2713 quae
1297 2633 1470 2714 dicuntur,
1485 2633 1613 2695 deinde
1626 2634 1754 2714 quibus
1769 2634 1882 2699 libera

144 2793 224 2835 cum
247 2774 334 2834 sede
354 2771 552 2853 apostolica
575 2770 847 2833 communicatio
872 2771 1138 2853 prohibebatur,
1162 2781 1236 2833 tum
1260 2792 1304 2834 ne
1328 2782 1412 2835 vota
1437 2772 1619 2834 sollemnia
1642 2782 1725 2836 ante
1749 2794 1879 2838 annum

144 2911 352 2975 vicesimum
368 2911 529 2992 quintum
549 2910 681 2973 aetatis
696 2909 952 2992 emitterentur,
971 2910 1123 2990 denique
1140 2921 1179 2972 ut
1193 2909 1413 2973 fortunarum
1429 2909 1690 2974 administratio
1706 2915 1879 2994 potestati

143 3049 240 3112 civili
264 3051 555 3131 demandaretur,
584 3060 766 3130 postremo
790 3058 828 3110 ut
851 3048 964 3110 libera
987 3051 1157 3110 abbatum
1181 3049 1324 3130 electi0,
1349 3048 1562 3111 novitiorum
1586 3052 1770 3132 exceptio,
1802 3052 1880 3132 ipse

142 3187 437 3250 monasteriorum
460 3205 629 3249 numerus
656 3196 882 3249 coerceretur
897 3187 930 3266 ²).

273 3325 340 3387 His
363 3325 504 3407 legibus
528 3325 634 3388 etiam
659 3324 943 3405 antiquissimum
966 3325 1104 3406 imperii
1127 3325 1285 3387 ordinem
1315 3325 1349 3387 in
1379 3324 1568 3389 discrimen
1590 3337 1758 3394 vocatum
1785 3347 1878 3410 esse,

141 3473 301 3544 nonest,
326 3465 423 3544 quod
445 3482 661 3527 moneamus.
707 3463 788 3526 Filii
812 3484 839 3527 s.
862 3464 1050 3526 Benedicti
1073 3474 1164 3545 tum,
1193 3484 1273 3527 cum
1297 3475 1380 3545 post
1404 3476 1553 3527 mortem
1578 3465 1696 3529 Caroli
1717 3467 1791 3549 VI,
1817 3471 1878 3550 qui

140 3603 265 3666 ultima
288 3602 623 3684 Habsburgensium
646 3601 756 3683 stirps
779 3602 889 3664 virilis
913 3611 1000 3682 erat,
1025 3622 1154 3685 graves
1178 3612 1414 3684 tempestates
1436 3603 1623 3684 imperium
1645 3605 1876 3668 Austriacum

140 3740 404 3820 concutiebant,
429 3739 487 3821 pie
503 3760 525 3801 a
541 3739 705 3821 partibus
721 3740 859 3802 Mariae
877 3740 1070 3803 Theresiae
1093 3740 1187 3802 filiae
1211 3741 1287 3802 eius
1311 3749 1348 3803 et
1370 3741 1512 3803 heredis
1536 3750 1710 3804 steterant
1733 3752 1770 3805 et
1792 3743 1878 3805 nihil

139 3899 212 3942 non
234 3878 313 3941 ausi
337 3888 438 3941 erant
461 3898 526 3960 pro
556 3879 633 3942 eius
657 3880 772 3942 salute
786 3881 821 3959 ³).
854 3880 976 3960 Atque
999 3880 1208 3960 imperatrix
1231 3890 1336 3961 grato
1360 3879 1477 3942 animo
1493 3881 1698 3962 periculum,
1723 3883 1819 3964 quod
1843 3882 1878 3962 ii,

139 4037 290 4098 quorum
315 4016 462 4080 consilio
485 4017 663 4098 utebatur,
686 4018 722 4080 in
745 4018 905 4080 ordinem
927 4018 1170 4098 intendebant,
1203 4018 1383 4098 depellere
1415 4037 1485 4079 non
1514 4018 1660 4081 destitit.
1700 4017 1773 4082 Sed
1797 4040 1876 4082 cum

136 4159 227 4219 haec
240 4175 373 4238 magna
386 4155 603 4238 imperatrix,
621 4156 721 4219 cuius
738 4157 906 4219 memoria
922 4176 1102 4236 nunquam
1115 4174 1162 4217 ex
1174 4155 1300 4218 animis
1316 4157 1530 4238 populorum
1546 4175 1689 4218 suorum
1706 4157 1876 4237 discedet,

142 4299 225 4372 1780
247 4304 398 4357 mortem
422 4296 661 4377 occubuisset,
685 4304 921 4376 tempestates
945 4294 1056 4357 libere
1081 4306 1283 4376 eruperunt.

268 4434 381 4496 Filius
405 4434 491 4516 eius,
516 4454 651 4496 summo
675 4433 819 4515 ingenio
843 4432 1028 4514 praeditus
1050 4434 1246 4515 imperator
1265 4434 1440 4514 Iosephus
1456 4432 1511 4514 II.‚
1537 4433 1700 4515 quamvis
1724 4434 1757 4495 ei
1780 4435 1876 4495 salus

134 4572 361 4635 subditorum
386 4572 562 4634 maximae
587 4592 692 4634 curae
717 4582 822 4653 esset,
846 4582 966 4634 tamen
986 4574 1077 4634 male
1094 4572 1254 4634 eruditus
1270 4575 1316 4633 ab
1332 4571 1533 4634 hominibus
1556 4571 1668 4635 falsae
1693 4573 1875 4635 doctrinae

133 4709 283 4791 deditis,
307 4730 388 4772 cum
413 4709 530 4772 omnia
553 4729 599 4771 ex
622 4711 776 4774 utilitate
805 4719 991 4792 pensaret,
1023 4711 1165 4773 ordines
1196 4710 1383 4792 religiosos
1415 4709 1501 4772 nihil
1531 4710 1628 4792 aliud
1660 4730 1739 4772 esse
1768 4729 1874 4790 quam

131 4847 438 4929 congregationes
455 4845 526 4928 otii,
539 4846 709 4928 desidiae,
725 4847 871 4910 inertiae
888 4847 956 4909 sibi
973 4848 1161 4929 persuasit.
1179 4849 1267 4910 Tam
1280 4867 1451 4928 perversa
1463 4848 1560 4911 vitae
1572 4847 1873 4928 contemplativae

268 5179 290 5257 ¹)
314 5180 436 5247 Hunos,
460 5178 567 5237 Leben
590 5180 644 5236 des
669 5179 866 5237 Erzbischofs
891 5180 1046 5236 Aristaces
1069 5180 1187 5236 Azaria.

267 5288 290 5369 ²)
313 5291 437 5360 Ameth,
460 5293 557 5349 Maria
581 5293 749 5348 Theresias
774 5292 864 5348 letzte
888 5292 1176 5366 Regierungsjahre,
1200 5292 1260 5348 vol.
1287 5292 1337 5347 111.

267 5401 290 5480 ³)
313 5404 552 5482 Verordnungen
580 5406 609 5459 in
633 5402 763 5478 publicis
786 5405 1003 5461 ecclesiasticis
1026 5403 1063 5458 ad
1088 5422 1195 5459 annum
1225 5401 1315 5477 1781,
1345 5403 1434 5477 1782.
