4252 6112
1056 447 1337 514 —116—

326 648 539 721 clesiastico;
563 647 718 728 itemque
741 649 785 709 de
805 646 967 730 Liturgia
987 647 1154 710 Aleman-

324 771 413 834 nica.
430 770 630 851 Utrumque
644 789 734 852 opus
747 772 793 832 ad
805 789 870 832 sua
887 780 923 832 et
939 770 1154 832 eruditorum

324 903 409 956 vota
440 901 564 955 exacte
595 890 801 975 perficiendi
832 912 956 973 causa,
988 911 1155 974 magnam

325 1015 548 1096 Germaniae,
565 1014 689 1076 Italiae
703 1025 739 1077 et
751 1012 890 1077 Galliae
902 1025 1041 1096 partem
1053 1034 1155 1095 pera-

325 1137 453 1220 gravit,
474 1147 610 1198 sumtus
631 1137 676 1198 ad
693 1155 736 1197 ea
751 1135 879 1197 itinera
901 1135 1054 1197 libenter
1073 1137 1155 1197 sub-

325 1250 693 1321 ministrante‘abbate
706 1256 903 1339 Meinrad0,
921 1257 980 1339 qui
997 1277 1077 1319 eum
1092 1276 1155 1339 po-

325 1379 499 1442 tissimum
508 1378 543 1441 in
552 1378 656 1441 finem
666 1379 940 1461 typographiam
949 1379 1155 1446 interaedes

326 1509 521 1564 conventus
534 1498 784 1563 San-Blasiani
796 1501 947 1583 induxit,
964 1510 1002 1564 ut
1014 1502 1154 1584 religio·

325 1623 374 1685 sis
396 1623 469 1685 suis
493 1625 539 1685 ad
560 1622 768 1685 scribendos
794 1623 903 1686 libros
926 1623 1080 1687 animum
1102 1618 1155 1686 fa-

326 1755 433 1809 ceret.
469 1714 529 1807 Ad
559 1747 741 1826 praelatos
772 1744 983 1808 Germaniae
1018 1747 1154 1810 litteras

326 1867 631 1930 commendatitias
665 1869 711 1928 ab
738 1867 1013 1930 eminentissimo
1043 1869 1155 1932 cardi-

324 1991 404 2052 nale
418 1991 462 2051 de
475 1989 576 2051 Rodt
591 1990 769 2052 ordinario
785 2010 849 2052 suo
866 1966 1002 2073 detulit,
1020 1991 1079 2072 qui
1095 2012 1156 2054 an-

325 2121 384 2172 tea
399 2109 439 2173 P.
457 2109 648 2172 Martinum
664 2111 857 2174 honorifico
874 2112 976 2174 titulo
997 2112 1155 2195 theologi

326 2233 430 2295 aulici
446 2243 646 2297 ornaverat.
671 2233 730 2295 Ad
746 2233 968 2297 invisendam
983 2255 1069 2297 vero
1085 2235 1156 2298 Ita·

326 2354 410 2416 liam
435 2357 481 2416 ab
509 2355 745 2417 illustrissimo
776 2357 904 2419 comite
930 2357 1083 2438 losepho
1111 2359 1156 2419 de

327 2475 508 2559 Garampi,
525 2443 753 2540 secretiorum
775 2479 998 2541 archivorum
1015 2479 1155 2541 Romae

326 2599 519 2682 praefect0,
543 2610 669 2680 postea
690 2601 811 2662 nuntio
834 2601 1031 2681 apostolico
1048 2601 1156 2664 Vien-

327 2740 394 2783 nae
411 2731 486 2784 etr.
505 2740 534 2783 e.
552 2721 722 2782 cardinali
737 2721 805 2784 fuit
820 2721 995 2804 inductus,
1013 2723 1068 2785 cui
1084 2724 1157 2785 Iter

327 2863 429 2906 suum
463 2843 625 2905 Italicum
660 2842 849 2924 inscripsit.
886 2843 973 2907 Cum
1009 2845 1156 2909 eruditis

327 2965 571 3028 Benedictinis
603 2967 892 3048 congregationis
922 2987 949 3030 s.
977 2967 1093 3030 Mauri
1120 2968 1156 3030 in

328 3085 444 3150 Gallia
460 3087 520 3148 diu
541 3087 610 3149 iam
630 3097 735 3149 antea
755 3089 1002 3151 commercium
1021 3090 1156 3152 littera·

326 3217 402 3271 rum
426 3211 564 3292 habuit,
592 3220 699 3291 atque
724 3231 743 3272 e
768 3208 883 3274 Gallia
906 3213 1020 3273 redux
1043 3213 1156 3273 abbas

328 3330 435 3394 etiam
458 3331 687 3395 continuavit.
717 3330 776 3395 Sic
800 3332 943 3414 factum,
968 3343 1007 3396 ut
1031 3343 1156 3414 poten·

327 3463 401 3516 tum
414 3452 591 3536 suffragiis
608 3455 895 3535 eruditorumque
912 3454 1042 3517 mutuis
1057 3455 1157 3518 auxi·

328 3574 384 3636 liis
401 3574 534 3636 munito
555 3575 792 3638 bibliothecae
814 3588 849 3638 et
865 3577 1010 3640 archiva
1026 3577 1157 3659 ubique

327 3706 503 3778 paterent,
520 3697 648 3759 eruditi
660 3718 755 3780 vere,
768 3719 790 3760 a
803 3699 931 3779 quibus
948 3699 982 3761 in
995 3701 1157 3781 publicas

329 3818 718 3881 societateslitterarias
727 3820 840 3883 amice
850 3821 1070 3884 introductus
1080 3821 1156 3903 fuit,

329 3938 488 4001 eiusdem
498 3941 688 4003 amicitiam
702 3952 737 4003 et
746 3943 940 4004 studiorum
950 3943 1157 4006 societatem

329 4059 397 4121 sibi
414 4073 634 4142 expeterent.
651 4062 829 4125 Monachii
843 4074 878 4125 et
889 4063 1065 4127 Roboreti
1078 4086 1157 4128 aca-

330 4182 469 4245 demiae
498 4185 691 4247 litterariae
726 4185 857 4248 sodalis
888 4187 1049 4249 adlectus
1080 4187 1157 4270 fuit,

331 4323 435 4386 quem
444 4308 593 4387 gradum
606 4308 748 4370 honoris
757 4309 927 4388 posthaec
937 4310 1055 4389 plures
1068 4310 1157 4372 aliae

329 4427 365 4488 in
380 4424 570 4489 Germania
583 4438 619 4490 et
631 4428 733 4521 Italia
746 4430 949 4491 academiae
965 4450 1035 4492 non
1052 4450 1158 4511 quae-

331 4548 422 4610 renti
438 4551 529 4612 ultro
550 4550 760 4613 detulerunt.
787 4552 857 4614 Tot
878 4552 912 4613 in
935 4551 1158 4615 bibliothecis

330 4680 368 4733 et
389 4671 542 4733 archivis
562 4672 713 4754 publicis
737 4683 773 4735 et
795 4673 944 4753 privatis
963 4693 1033 4736 non
1054 4677 1158 4737 modo

330 4793 490 4876 plurima,
509 4814 600 4874 quae
622 4796 669 4856 ad
689 4815 790 4858 usum
808 4815 887 4858 esse
903 4807 1079 4878 poterant,
1097 4817 1157 4859 ex-

330 4914 463 4997 cerpsit
483 4934 525 4976 ac
546 4916 749 4999 descripsit,
774 4919 837 4980 sed
860 4927 896 4980 et
918 4918 1076 5002 integros
1100 4938 1158 4981 co-

331 5037 429 5100 dices
445 5047 567 5101 mutuo
587 5050 649 5102 aut
664 5041 757 5103 dono
774 5042 922 5123 accepit,
944 5042 1082 5123 aliaque
1103 5062 1157 5104 ra-

332 5158 426 5222 tione
450 5171 619 5244 acceptos
645 5165 785 5226 domum
807 5165 926 5226 retulit
948 5184 1040 5226 anno
1067 5168 1157 5245 1762,

331 5290 439 5360 atque
459 5281 494 5343 in
514 5285 672 5345 ordinem
694 5285 857 5367 redigere
873 5286 1022 5367 paravit,
1044 5286 1160 5348 laetus

332 5409 369 5462 et
380 5400 537 5482 locuples
549 5405 725 5467 thesauris
735 5407 915 5469 litterariis
924 5411 1160 5491 undequaque

1235 647 1394 709 corrasis.
1412 644 1656 707 Bibliothecae
1669 666 1799 728 curam,
1813 646 1990 727 quamdiu
2002 647 2068 708 ab·

1234 788 1326 851 senS,
1347 767 1449 830 alteri
1469 766 1608 830 interim
1630 768 1831 849 reliquerat,
1855 768 1982 831 iterum
2002 770 2067 831 ad·

1234 890 1368 972 sumsit,
1392 889 1548 971 nihilque
1570 890 1683 952 minus
1706 892 1865 973 optabat,
1890 911 1996 972 quarn
2018 892 2066 952 ad

1234 1009 1425 1075 honorifica
1442 1009 1568 1093 officia,
1586 1032 1676 1093 quae
1689 1014 1735 1074 ab
1747 1013 1825 1074 aliis
1837 1032 1947 1095 saepe
1959 1013 2066 1078 avide

1235 1142 1461 1215 expetuntur,
1478 1133 1688 1213 promoveri.
1712 1132 1790 1215 Quo
1807 1154 1893 1196 vero
1910 1154 2065 1197 commo·

1235 1255 1330 1318 tione
1338 1254 1457 1337 aliqua
1466 1254 1624 1336 corporis
1637 1255 1781 1317 sanitati
1791 1257 1974 1318 consulere
1983 1275 2066 1338 pos-

1234 1389 1306 1460 set,
1338 1399 1421 1441 cura
1448 1377 1642 1440 animarum
1669 1377 1705 1439 in
1733 1377 2065 1459 Menzenschwand,

1235 1520 1340 1582 quam
1356 1519 1375 1562 e
1392 1499 1605 1562 monasterio
1622 1499 1813 1562 sustineret
1830 1501 2066 1580 excurrend0,

1234 1622 1281 1684 illi
1298 1622 1484 1684 commissa
1500 1622 1577 1703 fuit,
1600 1622 1814 1703 peroptanti,
1840 1631 1878 1685 ut
1901 1623 2066 1686 omnibus

1233 1744 1331 1806 vitae
1347 1763 1433 1805 suae
1449 1743 1550 1830 annis
1566 1743 1691 1805 studiis
1711 1742 1907 1806 litterarum
1924 1764 2065 1824 vacare,

1235 1875 1271 1928 et
1287 1886 1377 1947 quae
1390 1866 1507 1928 animo
1520 1876 1744 1948 conceperat,
1760 1866 1932 1929 litteraria
1945 1886 2066 1948 opera,

1234 1990 1332 2071 prelo
1346 1987 1564 2050 committere
1576 1995 1709 2069 posset,
1726 1989 1789 2050 sed
1806 1988 1910 2050 aliter
1925 1989 2067 2070 superis

1235 2111 1350 2174 visum
1366 2120 1430 2172 est.

1322 2233 1410 2295 Post
1426 2231 1561 2294 obitum
1578 2231 1711 2313 quippe
1727 2232 1868 2294 abbatis
1885 2241 1921 2293 et
1936 2232 2068 2313 princi-

1236 2356 1291 2437 pis
1314 2355 1498 2426 Meinradi‚
1524 2353 1583 2435 qui
1607 2354 1664 2415 die
1693 2374 1740 2415 12.
1763 2352 1842 2417 Oct.
1868 2358 1948 2432 1764
1974 2355 2068 2416 obti-

1236 2488 1348 2561 gerat,
1370 2478 1427 2539 die
1452 2481 1499 2539 15.
1525 2476 1683 2538 eiusdem
1700 2475 1865 2539 Octobris
1887 2477 1927 2540 P.
1943 2476 2069 2540 Marti-

1236 2620 1301 2663 nus
1317 2619 1382 2680 per
1391 2607 1476 2661 vota
1489 2599 1685 2660 eminenter
1700 2599 1832 2660 maiora
1849 2598 2069 2662 confratrum

1236 2742 1377 2784 suorum
1393 2723 1506 2783 abbas
1528 2729 1564 2783 et
1584 2721 1751 2801 princeps
1771 2721 1914 2802 electus,
1940 2721 1998 2783 die
2021 2742 2069 2784 11.

1235 2845 1324 2907 Nov.
1338 2854 1458 2906 autem
1475 2862 1540 2924 per
1552 2843 1766 2904 cardinalem
1784 2844 1828 2905 de
1839 2843 1940 2905 Rodt
1956 2845 2070 2907 abba·

1236 2966 1356 3028 tialem
1382 2964 1667 3026 benedictionem
1691 2965 1842 3046 accepit.
1874 2963 2070 3047 Sequentis

1234 3086 1445 3151 Decembris
1462 3087 1560 3148 dies.
1577 3085 1613 3147 in
1626 3085 1715 3147 atrio
1728 3087 1819 3148 arcis
1833 3086 1868 3148 in
1883 3087 2076 3151 Bonndorf

1236 3211 1368 3274 subditi
1399 3209 1642 3291 dynastiarum
1668 3208 1867 3290 Bonndorf,
1891 3210 2070 3293 Blusneg·

1235 3353 1316 3417 gen,
1327 3331 1547 3412 Gatterburg
1563 3351 1713 3393 unacum
1727 3341 1845 3393 monte
1858 3332 2071 3394 Beroviensi

1235 3454 1438 3536 homagium
1454 3462 1491 3515 et
1502 3452 1734 3515 iuramentum
1746 3453 1939 3535 fidelitatis
1956 3464 1993 3517 et
2010 3454 2072 3517 die

1237 3583 1265 3641 6.
1286 3578 1372 3641 Dec.
1394 3575 1565 3637 moniales
1586 3595 1617 3639 0.
1638 3595 1664 3637 s.
1682 3576 1722 3637 B.
1745 3576 1919 3638 Beroviae
1942 3576 1978 3637 in
2003 3596 2072 3638 sua

1237 3699 1387 3762 ecclesia
1414 3699 1622 3760 neo-electo
1650 3698 1772 3760 abbati
1800 3699 2004 3781 homagium
2032 3710 2072 3760 et

1236 3821 1461 3884 obedientiae
1470 3819 1726 3901 professionem
1737 3820 2001 3901 praestiterunt
2011 3821 2072 3883 In-

1235 3945 1445 4007 vestituram
1463 3951 1581 4005 autem
1598 3941 1633 4003 in
1646 3943 1781 4024 regalia
1793 3943 1829 4004 in
1841 3963 1949 4023 supra
1962 3944 2073 4006 dictis

1238 4065 1413 4148 dynastiis
1433 4085 1526 4127 anno
1547 4068 1627 4143 1766
1647 4083 1713 4144 per
1733 4066 1936 4146 delegatum
1957 4064 2072 4146 impe-

1237 4187 1365 4249 ratoris
1381 4185 1524 4266 Iosephi
1540 4185 1584 4247 II.
1601 4185 1762 4247 obtinuit.
1787 4185 1991 4265 Stupebant
2006 4206 2072 4249 ex-

1236 4309 1350 4373 tranei
1364 4311 1408 4371 de
1422 4308 1594 4371 electione
1603 4307 1756 4388 Martini,
1770 4308 1928 4389 expertis
1939 4309 2071 4371 hucus-

1238 4452 1306 4515 que
1322 4443 1358 4495 et
1369 4431 1522 4513 imperiti
1535 4451 1650 4493 rerum
1663 4431 1906 4513 temporalium
1917 4431 2070 4493 admini-

1237 4554 1429 4636 strationis,
1442 4575 1547 4635 quam
1556 4573 1641 4616 vero
1656 4573 1734 4615 cum
1752 4566 1895 4636 stupore
1911 4554 2067 4616 omnium

1236 4678 1437 4740 felicissime
1454 4677 1576 4759 gessit,
1594 4687 1631 4739 et
1646 4676 1720 4738 fere
1737 4696 1844 4756 supra
1861 4695 1972 4757 spem.
1990 4676 2067 4739 Ab·

1237 4802 1302 4861 bas
1328 4800 1476 4881 primam
1500 4819 1619 4862 curam
1644 4799 1762 4879 posuit
1785 4799 1821 4861 in
1845 4800 2067 4862 restituenda

1237 4923 1334 4986 avita
1350 4922 1537 5004 disciplina
1550 4922 1745 4984 monastica
1758 4920 2017 4985 San-Blasiana
2031 4935 2066 4986 et

1238 5045 1432 5109 condendis
1448 5043 1549 5106 novis
1566 5044 1876 5107 constitutionibus
1897 5046 2065 5108 monasti·

1239 5165 1488 5248 co·religiosis,
1521 5166 1648 5247 quibus
1675 5167 1800 5247 pietati
1828 5176 1864 5228 et
1889 5169 2066 5249 profectui

1239 5287 1362 5350 morali
1382 5287 1613 5370 singulorum,
1635 5289 1734 5371 pacis
1759 5290 2005 5370 tranquillitati
2031 5303 2067 5356 et

1239 5410 1345 5473 saluti
1382 5411 1491 5474 totius
1529 5411 1816 5493 congregationis
1855 5415 2067 5477 consuleret.
