4222 6106
952 452 1208 540 ,89-

304 649 463 724 Fellner
486 663 596 743 (recte
616 660 807 743 Fehlner)
831 659 1041 723 Coloman.
1079 660 1081 713 Ι
1119 673 1187 734 pus
1211 671 1434 716 oeconomus.
1466 652 1566 717 Obiit
1590 652 1648 715 die
1674 656 1722 716 18.
1745 652 1834 734 Apr.
1855 673 1949 716 anno

211 800 295 843 nus
311 779 640 862 (Lambacensis)‚
664 789 769 841 natus
791 789 845 841 est
866 779 901 842 in
922 778 1040 840 viculo

205 899 348 964 Pistori
355 901 547 981 parochiae
559 901 799 964 Aichkirchen
812 920 925 984 prope
937 900 1040 964 Lam-

201 1023 307 1088 bach
324 1023 380 1085 die
400 1044 448 1103 19.
464 1024 570 1086 Μ911.
592 1026 682 1102 1759.
707 1022 944 1086 Colomannus
965 1022 1041 1104 qui-

196 1151 306 1226 dam,
326 1147 399 1208 ord.
420 1145 569 1209 fratrum
590 1145 772 1227 minorum,
799 1145 1039 1207 missionarius

191 1271 235 1334 in
257 1265 499 1330 Aichkirchen
511 1267 693 1351 ingenium
706 1267 806 1349 pueri
819 1266 1039 1349 perspiciens

186 1390 411 1459 rudimenta
426 1390 628 1452 delineandi
648 1410 727 1452 eum
749 1389 890 1453 edocuit
911 1409 1039 1471 usque-

185 1520 297 1581 dum
311 1512 480 1576 Lambaci
495 1514 531 1575 in
547 1513 667 1576 schola
684 1512 841 1594 normali,
859 1513 940 1574 dein
957 1510 1038 1574 Cre·

171 1635 331 1706 milani
350 1636 386 1699 in
406 1635 594 1719 gymnasio
619 1644 655 1697 et
678 1655 823 1698 musaeo
848 1634 977 1698 litteris
1003 1644 1039 1697 et

182 1758 286 1829 arti
304 1758 458 1821 musicae
481 1769 623 1839 tempus
647 1757 831 1839 impendit.
858 1757 1038 1819 1119119919-

182 1886 303 1951 rium
316 1880 557 1943 Lambacense
572 1901 665 1944 anno
687 1884 766 1960 1799
786 1879 969 1962 ingressus
984 1898 1038 1941 re-

183 2001 322 2086 liquit,
337 2002 442 2066 rediit
458 2014 577 2066 tamen
593 2022 686 2065 anno
707 2021 785 2081 1771
803 2000 967 2082 votisque
984 2019 1038 2061 sa·

190 2127 291 2198 cris
302 2145 337 2188 se
352 2125 498 2188 devovit
515 2125 573 2187 die
594 2146 619 2186 1.
636 2125 726 2187 Nou.
750 2143 842 2186 anno
869 2143 948 2203 1774
969 2123 1038 2205 pri-

194 2268 372 2331 mamque
398 2248 551 2311 hostiam
578 2247 799 2310 incruentam
827 2247 884 2308 die
906 2251 934 2308 9.
959 2244 1037 2307 091.

200 2389 310 2439 anno
325 2390 400 2450 1777
426 2371 564 2433 obtulit.
589 2367 756 2434 Secundo
776 2368 858 2431 anni
884 2373 963 2447 1778
985 2387 1039 2429 99-

205 2493 334 2560 mestri
355 2493 526 2576 magistro
550 2513 634 2555 usus
659 2503 714 2555 est
737 2492 930 2567 clarissimo
955 2502 1037 2554 tunc

210 2614 347 2698 pictore
366 2626 401 2678 et
423 2615 686 2698 chalcographo
706 2615 861 2677 Martino
878 2611 1038 2677 Schmidt

215 2736 258 2796 in
286 2737 399 2818 oppido
421 2735 532 2818 Stein,
557 2747 593 2799 et
615 2757 809 2816 9111191779
833 2739 1037 2798 subrectore

216 2854 247 2914 I.
276 2857 311 2919 de
332 2857 519 2923 Schmuzer
542 2859 577 2921 in
601 2878 629 2920 c.
654 2879 681 2922 r.
703 2859 831 2921 artium
855 2859 1038 2921 academia

218 2973 477 3045 Vindobonensi
503 2982 685 3064 ingenium
711 3002 812 3045 suum
834 2981 1037 3044 lubentissi-

218 3112 275 3159 me
287 3115 457 3168 annuente
474 3107 606 3168 abbate
620 3105 785 3168 Amando
801 3103 1036 3187 Schickmayr

215 3229 376 3292 exercuit.
407 3228 560 3291 Domum
590 3247 754 3290 reversus
781 3228 817 3289 in
841 3228 917 3290 dies
944 3247 1037 3289 nova

212 3349 296 3405 ⁸⁰³0
310 3351 391 3413 artis
403 3350 599 3431 specimina
612 3370 704 3431 aqua
716 3349 800 3412 forti
817 3350 953 3432 (iitzen),
969 3371 1036 3413 acu

210 3451 370 3554 (rediren,
382 3473 551 3553 kratzen),
568 3472 667 3534 99919
685 3472 872 3554 (graviren‚
885 3474 1034 3555 graben)

205 3588 435 3675 praeparavit
470 3595 685 3677 collegitque
721 3606 778 3658 sat
811 3616 1032 3658 numerosam

203 3708 470 3799 pretiosamque
482 3717 568 3779 artis
582 3717 899 3799 chalcographicae
911 3738 1033 3780 monu-

202 3830 401 3903 mentorum
417 3840 556 3917 seriem,
582 3860 673 3922 quae
696 3841 754 3922 pie
770 3840 876 3903 hodie
893 3861 1032 3923 quoque

202 3930 374 4024 La111baci
401 3971 633 4024 conservatur
660 3972 696 4024 et
722 3962 858 4026 visitur.
888 3963 1034 4025 Minime

203 4070 336 4145 artiferr
351 4083 418 4146 sibi
431 4082 612 4145 sufficiens
625 4085 835 4146 commercio
847 4095 903 4147 sat
916 4087 1033 4166 amplo

204 4174 375 4268 litterario
390 4216 496 4268 utens
511 4205 548 4267 in
561 4205 637 4268 dies
650 4226 743 4268 novo
754 4178 921 4270 methodo
937 4208 1033 4270 incu-

206 4296 285 4383 buit
299 4331 342 4391 ad
357 4337 470 4391 artem
483 4330 761 4409 promovendam
778 4329 880 4392 simul
892 4350 1034 4413 promp-

210 4425 359 4512 tissimus
381 4451 429 4513 ad
453 4450 542 4513 alios
563 4451 765 4513 edocendos
792 4451 1033 4515 instruendos-

217 4566 286 4632 que.
312 4572 610 4656 Lithographicae
633 4573 720 4635 artis
741 4574 895 4657 vestigia
918 4576 1031 4656 prima

220 4666 436 4779 M⁰11achii5in
457 4695 583 4758 11111919
610 4715 703 4757 anno
731 4700 809 4757 1813
836 4698 1031 4778 deprehen-

151 4802 153 4807 ’
228 4798 295 4876 dens
318 4826 431 4880 artem
456 4817 548 4879 hanc
572 4817 707 4898 primus
730 4816 767 4880 in
790 4818 937 4881 Austria
960 4839 1031 4881 non

231 4922 285 4996 Sine
301 4938 393 5003 felici
417 4959 587 5003 successu
611 4939 779 5004 exercuit.
809 4939 1031 5022 Quamquam

234 5054 370 5124 artisuae
387 5063 612 5124 exercendae
633 5060 700 5124 fuit
721 5062 971 5145 deditissimus,
994 5064 1029 5126 in

233 5172 372 5247 obeundis
388 5172 593 5247 muneribus
608 5184 814 5248 monasticis
834 5205 948 5267 aeque
964 5186 1030 5248 fuit

228 5299 359 5385 adprime
395 5317 561 5369 versatus
597 5316 721 5391 utpote
758 5307 893 5370 archivi
927 5328 1029 5390 prae-

223 5419 324 5511 fectus,
346 5426 502 5491 musices
523 5427 673 5497 director
692 5451 761 5497 nec
782 5449 852 5492 non
876 5430 922 5492 ad
942 5440 1029 5493 tem-

1123 780 1213 838 1818.

1205 898 1328 960 Edidit
1343 898 1513 960 libellum:

1206 1026 1312 1082 Kleine
1344 990 1650 1100 Kupleistichkundc.
1684 1025 1787 1091 wien,
1818 1023 1946 1081 Alberti.

1123 1145 1213 1205 1794.
1228 1131 1262 1188 80
1270 1133 1338 1186 min.
1354 1146 1390 1204 19
1401 1150 1429 1206 p.
1444 1132 1506 1186 Nec
1521 1148 1580 1186 non
1590 1132 1663 1185 artis
1677 1129 1948 1204 chalcographicae

1119 1249 1148 1291 ct
1165 1236 1402 1311 lithographicae
1423 1236 1586 1310 specimina
1603 1251 1763 1290 numerosa
1780 1233 1949 1290 elaboravit

1118 1339 1313 1415 sculpsitque,
1336 1339 1498 1395 secundum
1519 1341 1663 1412 imagines
1684 1336 1851 1394 Sandrartii
1872 1356 1947 1405 sen„

1118 1443 1283 1511 Solimcnii‚
1300 1444 1448 1512 Carachii‚
1466 1443 1504 1499 da
1519 1444 1616 1510 Vinci,
1634 1443 1774 1499 nonnulla
1791 1445 1882 1499 etiam
1898 1461 1947 1498 se·

1119 1549 1244 1606 cundam
1269 1548 1593 1616 Haubenstrickerum,
1620 1547 1831 1616 Dietrichium‚
1853 1547 1947 1604 Maul-

1116 1651 1287 1709 berschium
1304 1653 1451 1727 aliosque,
1468 1666 1515 1709 ast
1528 1653 1653 1728 plurima
1669 1651 1707 1708 ad
1723 1654 1869 1727 imagines
1884 1670 1947 1707 ma·

1117 1760 1204 1833 gistri
1220 1760 1264 1814 sui
1281 1760 1399 1814 Martini
1417 1756 1552 1814 Schmidt
1568 1759 1769 1813 Kremsensis.
1793 1757 1946 1832 Inprimis

1118 1863 1210 1919 coluit
1236 1864 1387 1918 hominum
1413 1865 1558 1936 imagines
1587 1864 1615 1918 in
1644 1880 1716 1916 aere
1745 1860 1876 1917 incidere
1902 1873 1948 1916 at·

1118 1988 1177 2043 que
1200 1969 1355 2042 regionum
1378 1980 1560 2042 conspectus
1581 1985 1740 2041 rerumque
1761 1965 1947 2021 naturalium.

1119 2072 1257 2128 Omnium
1279 2073 1474 2147 speciminum
1495 2089 1616 2127 suorum
1637 2072 1746 2126 seriem
1770 2072 1836 2145 ipse
1858 2069 1948 2125 ador·

1117 2178 1199 2232 navit
1215 2189 1375 2251 exstatque
1387 2175 1484 2231 adhuc
1500 2177 1529 2231 in
1541 2176 1725 2231 monasterio
1738 2173 1946 2230 Lambacensi.

1118 2281 1340 2337 Laudatissima
1368 2280 1551 2355 exemplaria
1576 2295 1658 2335 sunt:
1687 2280 1884 2336 Circumcisio
1909 2278 1946 2333 D.

1118 2387 1152 2441 N.
1170 2386 1192 2440 Ι.
1209 2385 1263 2441 Ch.
1281 2385 1346 2442 Fol.
1364 2386 1396 2440 Ρ.
1414 2385 1450 2440 K.
1468 2385 1500 2440 P.
1522 2403 1564 2440 sc.
1583 2384 1716 2441 Viennae
1737 2397 1828 2457 1779.
1843 2416 1887 2424 -
1902 2384 1948 2439 La

1117 2503 1248 2564 martyre
1264 2490 1301 2545 de
1317 2509 1341 2545 s.
1359 2489 1506 2546 Coloman
1526 2502 1606 2563 1779
1627 2487 1717 2567 (aqua
1738 2486 1829 2566 lorti).
1849 2521 1892 2529 —
1913 2486 1946 2544 S.

1118 2597 1233 2659 Benoit‚
1255 2592 1286 2650 S.
1305 2593 1425 2649 Placide
1442 2591 1619 2649 Sandrartii.
1636 2626 1678 2634 -
1694 2592 1848 2650 Abschied
1864 2592 1947 2649 Lud-

1117 2701 1176 2773 wig
1206 2700 1285 2755 XVI.
1317 2732 1360 2740 -
1394 2698 1508 2774 Joscph
1540 2698 1624 2754 Rosa
1658 2696 1747 2771 1789.
1779 2731 1822 2740 -
1851 2697 1947 2773 Jacob

1117 2802 1294 2859 Schmutzer
1311 2803 1400 2859 1800.
1416 2837 1458 2844 —
1474 2804 1582 2858 illartin
1596 2800 1740 2858 Schmidt.
1754 2835 1796 2843 —
1811 2801 1947 2878 Raphael

1117 2909 1232 2981 Mengs.
1249 2940 1291 2948 -
1308 2908 1353 2963 Le
1370 2920 1523 2963 cataracte
1538 2907 1576 2962 dc
1591 2906 1706 2962 'l‘raum

1203 3072 1236 3143 F
1239 3071 1368 3145 ellner
1384 3082 1627 3164 Stephanus
1644 3082 1815 3146 Carolus
1837 3082 1945 3169 (Sco-

1116 3201 1283 3283 tensis),
1307 3202 1342 3264 in
1359 3201 1556 3264 Weinhaus
1578 3222 1690 3284 prope
1712 3202 1888 3264 Viennam
1909 3203 1945 3265 in

1115 3325 1261 3386 Austria
1278 3334 1382 3386 natus
1399 3325 1456 3386 die
1477 3328 1524 3387 15.
1538 3322 1617 3388 Oct.
1640 3329 1728 3405 1848,
1746 3344 1825 3386 cum
1841 3325 1944 3387 bonis

1114 3447 1241 3508 litteris
1257 3447 1291 3508 in
1308 3447 1496 3528 gymnasio
1512 3449 1558 3509 ad
1578 3444 1706 3510 Scotos
1723 3466 1867 3529 operam
1883 3468 1944 3510 na-

1113 3577 1248 3649 vasset,
1273 3570 1524 3631 monasterium
1547 3569 1588 3632 B.
1610 3569 1658 3631 M.
1675 3570 1718 3632 V.
1743 3571 1788 3631 ad
1814 3567 1943 3634 Scotos

1113 3691 1294 3772 ingressus
1318 3700 1373 3752 est
1397 3691 1453 3752 die
1479 3712 1529 3755 21.
1551 3689 1651 3773 Sept.
1678 3696 1767 3770 1867.
1797 3691 1943 3754 Emissis

1114 3813 1171 3874 die
1202 3833 1227 3875 1.
1256 3811 1334 3875 Oct.
1368 3817 1444 3891 1871
1476 3813 1569 3875 votis
1601 3814 1829 3875 sollemnibus
1860 3833 1942 3877 con·

1113 3945 1357 4016 summatoque
1380 3936 1416 3997 in
1441 3956 1469 3998 c.
1494 3956 1520 3998 r.
1541 3936 1636 3999 univ.
1657 3936 1811 3998 Vindob.
1837 3956 1941 3999 cursu

1113 4057 1325 4141 theologic0,
1342 4058 1542 4121 sacerdotio
1558 4059 1789 4140 inauguratus
1812 4069 1866 4121 est
1883 4059 1941 4121 die

1114 4201 1164 4242 21.
1181 4181 1243 4242 Iul.
1266 4186 1357 4262 1871,
1382 4191 1418 4243 91
1439 4181 1495 4242 die
1516 4203 1546 4259 4.
1563 4180 1658 4262 Aug.
1681 4180 1839 4242 eiusdem
1859 4181 1941 4242 anni

1112 4306 1190 4366 Deo
1213 4305 1360 4384 primam
1384 4304 1535 4367 hostiam
1561 4304 1689 4366 obtulit
1711 4304 1940 4367 incruentam.

1111 4428 1218 4489 Haud
1239 4427 1290 4490 ita
1305 4429 1416 4489 multo
1437 4437 1519 4508 post
1541 4429 1585 4489 ad
1606 4426 1784 4508 gymnasii
1805 4425 1940 4507 profes·

1112 4569 1228 4611 suram
1253 4551 1465 4630 destinatuS,
1494 4569 1572 4612 curn
1598 4548 1655 4611 die
1683 4569 1733 4628 27·
1755 4549 1829 4611 Iun.
1859 4554 1937 4628 1877

1111 4652 1363 4736 tentaminibus
1380 4672 1532 4755 publicis
1548 4692 1613 4753 pro
1625 4671 1773 4734 historia
1788 4670 1939 4733 naturali

1110 4800 1331 4878 approbatus
1344 4806 1449 4876 esset,
1463 4795 1621 4857 eiusdem
1635 4793 1842 4875 disciplinae
1858 4811 1938 4874 pro-

1110 4920 1224 4982 fessor
1239 4921 1275 4981 in
1291 4939 1319 4980 c.
1336 4940 1362 4981 r.
1379 4919 1567 5000 gymnasio
1590 4917 1634 4979 ad
1656 4915 1784 4980 Scotos
1806 4914 1864 4976 die
1889 4917 1937 4977 18.

1110 5041 1209 5122 Sept.
1232 5045 1311 5119 1878
1329 5051 1383 5103 est
1399 5040 1619 5122 designatus.

1194 5181 1307 5264 Typis
1325 5181 1449 5244 edidit:

1195 5327 1411 5403 Compendium
1420 5327 1474 5383 der
1482 5324 1826 5383 Naturwissenschalten
1836 5344 1874 5382 an
1883 5327 1937 5384 der

1108 5431 1218 5489 Schule
1239 5451 1275 5487 zu
1296 5431 1390 5488 Fulda
1413 5434 1450 5487 im
1474 5448 1503 5504 9.
1520 5430 1731 5506 Jahrhundert.
1752 5426 1781 5508 (i.
1798 5449 1825 5487 e.
1848 5430 1937 5488 Com·

1682 5543 1713 5581 12
