4222 6106
906 501 947 509 -
992 462 1108 524 LVIII
1154 498 1194 508 -

187 685 427 748 (zanadensis
449 707 471 748 a
494 707 521 750 s.
544 687 707 750 Gerardo
734 688 917 765 conditae,
951 686 985 749 in
1016 706 1123 768 quam
1154 706 1224 747 non
1256 686 1370 747 solum
1398 685 1608 768 indigenae,
1638 690 1703 750 sed
1733 688 1844 750 etiam
1875 706 1926 750 ex

188 823 391 903 Germania
415 825 596 902 Bohemia,
619 826 780 903 Polonia,
804 824 923 888 Gallia
945 826 1194 886 adolescentes
1216 823 1415 886 litterarum
1437 824 1560 906 cupidi
1582 823 1843 888 confluxerunt
1881 827 1924 889 In

188 962 244 1023 his
269 963 408 1041 scholis,
431 976 470 1023 ut
485 963 606 1024 variae
621 974 724 1025 erant
746 963 957 1025 discentium
973 962 1205 1039 conditiones,
1228 962 1279 1023 ita
1294 961 1417 1023 variae
1431 980 1490 1023 res
1505 964 1738 1025 docebantur.
1770 963 1926 1027 Praeter

187 1101 341 1182 legendi,
359 1100 546 1163 scribendi.
562 1103 729 1163 cantandi
746 1114 852 1179 artes,
869 1102 1102 1183 grammatica
1119 1113 1155 1163 et
1171 1101 1358 1162 dialectica
1373 1102 1612 1172 docebantur:
1635 1102 1697 1183 qui
1713 1105 1925 1166 sacerdotes

186 1250 289 1300 erant
319 1238 445 1317 futuri,
479 1239 692 1321 theologicis
722 1240 850 1301 litteris
881 1240 1082 1320 complures
1111 1257 1224 1300 annos
1251 1257 1291 1299 se
1321 1240 1474 1313 dabant,
1505 1238 1567 1320 qui
1596 1241 1643 1301 ad
1674 1242 1726 1303 rei
1754 1241 1925 1322 publicae

186 1397 332 1439 munera
354 1391 456 1440 erant
478 1376 666 1455 accessuri,
691 1376 776 1438 iuris
798 1377 977 1458 quandam
1000 1375 1184 1438 scientiam
1208 1374 1451 1455 acquirebant

317 1516 469 1580 Saeculo
493 1517 596 1579 XIII,
620 1528 764 1598 praeter
786 1534 853 1594 res,
878 1534 967 1596 quas
989 1534 1098 1595 supra
1121 1514 1404 1589 memoravimus,
1427 1514 1615 1597 rhetorica,
1637 1517 1693 1578 ius
1710 1516 1922 1580 canonicum

186 1666 225 1716 et
247 1655 490 1736 Hungaricum
513 1655 739 1723 tradebatur;
762 1653 798 1715 in
822 1654 944 1714 schola
966 1652 1211 1733 vesprimensi
1235 1652 1390 1714 maxime
1412 1653 1627 1733 eloquentia,
1656 1655 1922 1735 mathematica,

183 1793 416 1872 astronomia,
447 1793 585 1874 poesis,
615 1791 842 1873 philosophia
873 1790 1021 1852 historia
1036 1792 1069 1869 ¹).
1116 1788 1268 1853 Scholae
1296 1790 1543 1872 Hungaricae,
1572 1812 1788 1874 quamquam
1821 1793 1922 1856 Mon·

184 1931 346 2011 gulosum
378 1930 686 1992 devastationibus
716 1928 1008 2009 temporibusque
1040 1927 1268 2007 turbulentis,
1301 1948 1394 2008 quae
1425 1941 1550 1992 secuta
1580 1942 1664 1993 sunt
1692 1932 1920 2012 Arpadarum

186 2068 297 2150 stirpe
319 2069 509 2145 exstincta,
533 2087 668 2129 summa
690 2078 906 2148 acceperant
934 2066 1162 2143 detrimenta,
1193 2076 1311 2128 tamen
1341 2078 1548 2130 manserunt
1578 2087 1693 2148 usque
1722 2072 1770 2132 ad
1795 2069 1920 2134 Osma·

185 2226 309 2269 norum
333 2206 611 2268 dominationem
633 2217 715 2287 post
738 2205 916 2267 funestam
939 2225 1097 2286 pugnam
1120 2206 1217 2285 apud
1240 2204 1389 2267 Mohacs
1414 2210 1522 2284 (1520)
1546 2218 1722 2287 coeptam.

965 2635 1071 2698 CAP.
1096 2636 1140 2698 II.

315 2895 403 2959 Cum
427 2906 623 2978 praecepta
643 2895 847 2958 Lutherana
863 2895 1177 2957 Benedictinorum
1200 2896 1417 2958 monasteria
1439 2897 1475 2959 in
1491 2897 1632 2978 Alpicis
1654 2897 1758 2961 terris
1782 2897 1919 2978 imperii

184 3036 367 3099 Austriaci
391 3035 615 3113 invasissent,
639 3035 792 3114 scholae,
816 3054 909 3116 quae
932 3035 1075 3096 saeculo
1099 3035 1182 3095 XV.
1206 3033 1408 3115 floruerant,
1433 3034 1652 3097 interierunt.
1686 3034 1797 3097 Pueri
1822 3036 1919 3098 nobi·

184 3174 269 3236 lium
292 3174 493 3255 civiumque
513 3174 633 3256 paullo
648 3172 929 3253 locupletiorum,
952 3184 1142 3253 postquam
1166 3172 1200 3232 in
1217 3171 1405 3253 gymnasio
1420 3171 1674 3234 Loosdorfensi
1689 3180 1727 3234 et
1741 3171 1920 3234 Homensi

184 3313 219 3375 in
243 3312 391 3374 Austria
412 3310 586 3391 inferiore,
610 3309 761 3374 Stirensi
785 3321 822 3372 et
844 3309 1010 3372 Lincensi
1037 3310 1074 3372 in
1097 3309 1245 3373 Austria
1267 3310 1460 3390 superiore,
1492 3307 1700 3372 Graeciensi
1734 3309 1770 3371 in
1801 3308 1919 3389 Stiria,

184 3449 470 3532 Clagenfurtensi
494 3450 530 3511 in
553 3448 735 3512 Carinthia
756 3449 884 3511 litteris
908 3447 1119 3510 necessariis
1143 3448 1268 3509 imbuti
1288 3458 1399 3527 erant,
1423 3447 1459 3509 in
1476 3448 1746 3511 universitatem
1763 3447 1919 3511 Witten·

184 3590 396 3671 bergensem
421 3589 662 3650 mittebantur.
700 3587 907 3650 Catholicae
930 3586 1074 3648 scholae
1097 3585 1205 3648 etiam
1228 3596 1302 3649 tum
1325 3587 1520 3647 manebant
1543 3586 1743 3667 Lunaelaci,
1766 3606 1795 3650 S.
1820 3586 1921 3650 Iam·

183 3727 276 3789 berti
291 3727 325 3788 in
344 3726 461 3807 Stiria,
478 3728 523 3788 ad
541 3725 670 3790 Scotos
686 3725 1000 3796 vindobonensem
1023 3743 1144 3786 earum
1160 3744 1326 3786 numerus
1349 3735 1476 3786 auctus
1499 3734 1556 3787 est
1578 3745 1671 3788 anno
1693 3730 1776 3805 1⁵49
1799 3726 1921 3788 schola

186 3864 312 3926 Latina
338 3863 577 3942 (,lateinische
601 3864 778 3943 sennen-¹)
810 3864 856 3924 ab
884 3865 1016 3925 abbate
1041 3861 1216 3944 Gregorio
1247 3862 1281 3923 in
1313 3863 1530 3925 monasterio
1553 3862 1813 3926 Cremifanensi
1840 3883 1921 3927 con-

186 4001 323 4080 stituta,
352 4020 396 4063 ex
419 4002 547 4082 quibus
571 4001 771 4082 primordiis
794 4001 948 4063 effloruit
971 4001 1197 4084 gymnasium
1220 4002 1286 4062 hac
1310 4000 1417 4062 etiam
1448 4011 1569 4064 aetate
1600 4003 1872 4065 celeberrimum
1886 4005 1920 4083 ²).

185 4139 371 4202 Restituta
394 4159 473 4202 cum
497 4138 593 4201 civili
617 4149 690 4201 tum
715 4140 960 4202 ecclesiastica
982 4140 1196 4202 auctoritate
1219 4140 1431 4222 interposita
1454 4140 1489 4200 in
1513 4141 1738 4203 monasteriis
1762 4160 1821 4221 ea,
1853 4161 1922 4223 qua

185 4277 330 4339 condita
360 4288 478 4355 erant,
511 4277 714 4340 conditione
745 4289 854 4358 atque
886 4277 1030 4340 liutheri
1061 4278 1238 4341 erroribus
1269 4278 1424 4340 extrusis
1455 4298 1481 4340 s.
1511 4279 1698 4341 Benedicti
1732 4279 1923 4362 disciplina

185 4426 357 4477 renovata
382 4415 511 4495 ubique
536 4413 679 4477 scholae
702 4414 965 4495 aperiebantur,
990 4435 1055 4477 nec
1079 4415 1168 4478 levis
1193 4426 1269 4477 erat
1291 4415 1387 4477 fama
1411 4416 1554 4478 scholae
1570 4416 1803 4497 MellicensiS,
1820 4416 1926 4482 Gott-

186 4552 349 4634 vicensis,
374 4552 706 4631 Seitenstadiensis,
732 4554 995 4617 Lambacensis.
1034 4555 1093 4615 Ad
1118 4552 1246 4617 Scotos
1262 4554 1561 4616 Vindobonenses
1584 4565 1620 4616 et
1644 4555 1680 4616 in
1704 4556 1923 4618 monasterio

184 4691 370 4754 tiarstensi
401 4691 587 4754 convictus
618 4711 806 4773 puerorum
831 4692 1000 4754 nobilium
1024 4693 1286 4772 condebantur,
1318 4711 1448 4772 magno
1477 4693 1748 4757 adventantium
1776 4713 1921 4757 numero

184 4830 399 4910 frequentati
414 4831 448 4909 ³).
496 4829 610 4892 Etiam
634 4830 670 4892 in
693 4831 907 4893 monasterio
925 4830 1160 4893 Admontensi
1184 4836 1377 4908 ann01645
1404 4831 1521 4893 denuo
1545 4833 1667 4895 schola
1691 4834 1920 4914 aperiebatur

187 5018 495 5031 -—---—-—-.-.—

317 5160 337 5237 ¹)
362 5163 517 5239 liamsezy,
543 5165 718 5239 Programm
743 5165 796 5220 des
821 5162 1337 5236 Benedictiner·0bergymnasiums
1360 5183 1395 5218 zu
1420 5163 1606 5238 Oedenburg
1634 5163 1785 5238 18541‘55.

317 5268 339 5348 ²)
363 5273 451 5347 Hagn
476 5275 493 5332 l.
519 5295 545 5331 c.

313 5386 337 5460 ³)
360 5385 472 5460 Friess,
496 5387 639 5443 Garsten.
