4222 6106
826 533 867 542 -—
912 493 1052 557 XCVII
1096 531 1139 539 -

242 726 322 788 Hoc
339 743 424 787 vero
448 723 603 786 studium
627 724 841 804 imperatore
858 722 983 786 Carolo
999 723 1061 787 IV.
1076 723 1225 784 laetiora
1242 723 1337 804 cepit
1360 724 1588 786 incrementa.
1620 723 1741 802 Atque
1758 721 1849 787 inter

112 867 245 928 multos
268 884 384 927 rerum
407 864 599 944 scriptores
623 862 768 925 summis
792 863 955 925 laudibus
970 863 1189 925 honorantur
1204 862 1388 942 Neplacho
1412 863 1615 944 monachus,
1641 861 1700 942 qui
1723 883 1745 924 a
1768 862 1848 925 Cle-

113 1015 232 1068 mente
248 1003 310 1066 VI.
335 1004 437 1083 Papa
461 1004 574 1064 abbas
597 1001 802 1063 monasterii
826 1000 1100 1083 Opatovicensis
1128 1011 1268 1063 creatus
1292 1020 1384 1063 anno
1412 1006 1489 1079 1371
1521 1000 1659 1063 circiter
1691 1012 1849 1064 mortuus

113 1156 179 1207 est.
219 1142 372 1225 Scripsit
405 1140 642 1226 „Summulam
672 1141 858 1203 chronicae
890 1150 962 1203 tam
989 1140 1177 1202 Romanae
1206 1160 1311 1221 quam
1335 1139 1581 1220 Bohemicae“,
1611 1151 1650 1202 ut
1679 1141 1848 1203 fratribus

113 1282 273 1345 libellum
297 1282 465 1362 traderet,
489 1301 594 1362 quem
622 1280 656 1342 in
689 1280 860 1342 discenda
890 1279 1038 1342 historia
1061 1279 1282 1360 potissimum
1307 1279 1542 1341 Bohemorum
1567 1291 1799 1360 sequerentur
1815 1282 1847 1362 ¹).

113 1422 181 1484 His
207 1420 361 1502 denique
384 1420 459 1482 vita
483 1441 509 1483 S.
532 1419 709 1500 Procopii,
738 1419 860 1501 lingua
883 1428 1004 1481 vetere
1028 1417 1264 1480 Bohemorum
1287 1417 1450 1480 versibus
1480 1417 1515 1479 in
1547 1420 1697 1481 eundem
1726 1439 1848 1483 sonum

114 1561 330 1624 exeuntibus
354 1561 488 1640 scripta
512 1560 596 1622 addi
620 1567 749 1640 potest,
775 1578 879 1639 quam
903 1559 1112 1620 monachum
1137 1558 1314 1639 quendam
1331 1555 1580 1620 Saraviensem
1606 1559 1848 1638 composuisse

112 1702 177 1763 vix
201 1700 389 1781 quisquam
413 1698 599 1780 negaverit
615 1700 648 1778 ²).

247 1836 360 1912 Simili
391 1839 513 1920 mod0,
545 1856 636 1918 quae
669 1836 896 1898 innotuerunt
927 1836 970 1897 de
1008 1834 1204 1916 originibus
1238 1835 1528 1897 monasteriorum
1543 1838 1566 1912 ³)
1599 1848 1706 1918 atque
1738 1837 1849 1900 series

115 1978 289 2038 abbatum
304 1978 327 2055 ⁴)
359 1976 712 2057 enumerationesque
742 1975 990 2057 episcoporum
1022 1983 1067 2046 et,
1099 1973 1129 2034 si
1160 1993 1250 2054 quae
1279 1974 1347 2036 alia
1376 1975 1518 2037 maioris
1547 1986 1646 2038 erant
1669 1977 1846 2058 momenti,

114 2115 246 2178 litteris
275 2117 436 2178 mandari
465 2115 535 2177 iam
568 2116 710 2177 saeculo
739 2114 823 2176 XII.
856 2124 984 2195 coepta
1015 2116 1145 2193 sums).
1184 2113 1229 2175 Et
1253 2113 1523 2176 commentarios
1545 2114 1612 2176 hoc
1636 2116 1742 2177 modo
1766 2135 1847 2177 con-

115 2263 255 2335 ceptos,
286 2254 346 2335 qui
377 2253 412 2315 in
443 2253 657 2336 explicanda
683 2253 831 2315 historia
857 2253 1148 2315 monasteriorum
1179 2262 1215 2313 et
1237 2252 1379 2313 humani
1404 2253 1518 2315 cultus
1546 2253 1729 2336 civilisque
1752 2255 1847 2317 haud

115 2393 222 2474 parvi
255 2393 361 2475 pretii
399 2404 498 2473 sunt,
537 2391 687 2473 plurima
721 2391 936 2454 monasteria
969 2382 1120 2473 imperii’
1139 2391 1320 2453 Austriaci
1353 2393 1496 2453 habent.
1542 2391 1639 2473 Quos
1675 2412 1849 2456 commen-

113 2531 229 2594 tarios
252 2531 312 2612 qui
336 2532 619 2612 conscripserint,
644 2530 859 2612 ignoramus,
905 2528 1142 2591 Cremifanum
1166 2538 1318 2610 tantum,
1347 2548 1416 2609 quo
1445 2528 1480 2591 in
1508 2531 1722 2593 monasterio
1745 2551 1847 2613 prae-

115 2671 233 2752 cipue,
259 2691 336 2733 cum
353 2679 520 2752 regnaret
536 2669 738 2731 Fridericus
756 2669 800 2729 de
816 2667 910 2729 Aich
926 2669 1039 2729 abbas
1056 2676 1209 2729 exeunte
1226 2669 1368 2730 saeculo
1382 2667 1494 2749 xm,
1512 2669 1674 2731 monachi
1690 2671 1848 2733 studiose
1919 2721 1923 2731 .

116 2830 177 2872 res
200 2820 322 2892 gestas
345 2810 661 2892 persequebantur,
687 2807 898 2888 scriptorum
921 2806 1082 2869 notitiam
1106 2816 1221 2888 tenet,
1246 2804 1399 2888 Sigmari
1424 2808 1556 2870 cellarii
1579 2819 1615 2871 et
1637 2809 1847 2892 Hertweigii

114 2948 257 3030 prioris,
281 2967 429 3029 quorum
453 2948 645 3030 praecipue
669 2947 726 3009 ille
750 2947 803 3009 vir
827 2946 975 3028 insignis
999 2946 1193 3008 industriae
1216 2946 1292 3026 fuit,
1325 2967 1403 3008 cum
1433 2966 1502 3009 non
1532 2950 1643 3011 solum
1666 2949 1849 3013 historiam

112 3088 323 3151 monasterii
347 3087 399 3149 sui
423 3097 460 3149 et
482 3087 559 3149 iura
582 3095 762 3166 tractaret,
786 3086 850 3147 sed
874 3085 980 3147 etiam
1004 3094 1106 3147 extra
1129 3086 1192 3146 hos
1214 3083 1302 3146 fines
1319 3097 1481 3147 versatus
1505 3106 1626 3149 omnes
1643 3107 1699 3149 res
1716 3108 1847 3169 graves

114 3228 151 3289 in
187 3225 318 3289 finibus
356 3226 683 3307 archiepiscopatus
720 3224 976 3287 Laureacensis
1013 3236 1048 3286 et
1084 3223 1313 3305 episcopatus
1348 3225 1595 3287 Passaviensis
1635 3237 1757 3308 gestas
1797 3227 1848 3289 in-

249 3549 271 3630 1)
294 3551 381 3607 Edid.
406 3552 474 3616 Per,
498 3549 609 3625 Script.
634 3568 691 3605 rer.
714 3549 816 3604 Austr.
840 3548 876 3604 ΙΙ.

248 3661 271 3742 ²)
294 3663 436 3727 Feifalik‚
465 3661 591 3718 Studien
618 3680 670 3716 zur
693 3661 876 3717 Geschichte
906 3661 960 3716 der
986 3658 1224 3716 altbdhmischen
1247 3661 1413 3716 Litteratur
1443 3663 1470 3715 in
1493 3660 1771 3735 Sitzungsberichte
1794 3663 1848 3719 der

113 3778 145 3834 k.
164 3777 195 3832 k.
212 3775 311 3832 Akad.
329 3776 356 3831 d.
375 3775 575 3842 Wisscnsch.,
592 3773 749 3850 phil-hist.
767 3774 881 3829 Classe.
914 3773 947 3828 In
971 3771 1114 3848 operibus
1137 3771 1357 3847 antiquioribus
1373 3776 1609 3848 antiquissimum
1627 3789 1847 3832 monumentum

112 3890 288 3946 nominatur
321 3888 409 3957 „Vita
436 3908 461 3944 s.
484 3888 672 3943 Wenzeslai‘*
708 3905 725 3941 a
754 3886 935 3942 Christanno
967 3885 1095 3959 quodam
1128 3871 1274 3941 monacho
1303 3888 1517 3941 Bievnoviensi
1551 3890 1767 3962 conscriptum,
1799 3892 1849 3963 qui

114 4002 195 4058 filius
218 4000 352 4058 Boleslai
376 4002 399 4056 I.
425 4001 585 4056 Bohemiae
608 3999 692 4055 ducis
716 3997 809 4055 luisse
832 3998 949 4054 dicitur.
985 3996 1046 4053 Sed
1071 4011 1168 4054 tamen
1192 3998 1385 4073 Dobrowsky
1409 4001 1451 4055 in:
1476 3997 1675 4074 Abhandlung
1698 4000 1752 4057 der
1773 4000 1850 4058 boh-

112 4115 251 4172 mischen
282 4114 476 4178 Geschichte,
512 4113 603 4184 1803,
636 4113 844 4168 Christannum
876 4109 1016 4167 abbatem
1047 4111 1317 4179 Bievnovienscm‚
1353 4115 1403 4186 qui
1441 4111 1663 4187 1278—1294
1699 4128 1848 4189 praeerat,

111 4229 298 4302 scriptorem
323 4240 408 4302 putat
432 4240 462 4282 et
484 4224 647 4299 Friedjung
671 4227 714 4281 in:
739 4227 848 4280 Kaisar
871 4224 943 4280 Karl
967 4225 1016 4281 IV.
1049 4224 1107 4279 und
1138 4227 1202 4280 sein
1226 4224 1345 4281 Antheil
1370 4244 1416 4281 am
1440 4228 1589 4300 geistigen
1613 4225 1719 4282 Leben
1750 4231 1850 4283 semer

112 4341 190 4403 Zeu,
215 4358 275 4394 non
300 4352 369 4395 ante
393 4356 500 4394 annum
529 4352 606 4410 1347
639 4356 703 4393 eam
735 4340 877 4412 scriptam
906 4356 974 4394 esse
1003 4338 1164 4394 contendit.
1211 4338 1286 4394 Vide
1304 4336 1504 4395 Wattenbach
1530 4339 1547 4395 l.
1573 4360 1598 4395 c.
1624 4340 1673 4406 ΙΙ.,
1697 4340 1766 4396 Alte
1789 4340 1847 4396 und

112 4471 192 4509 neue
216 4451 438 4523 Falsehungen.

246 4561 269 4642 ³)
293 4564 325 4618 ln
349 4563 408 4619 hoc
430 4581 543 4636 genere
567 4562 690 4618 historia
714 4562 948 4618 Lunaelacensis
971 4561 1109 4618 versibus
1134 4563 1260 4619 leoninis
1285 4566 1453 4639 composita
1477 4567 1642 4640 principem
1673 4566 1769 4622 locum
1793 4564 1848 4621 ob-

113 4681 190 4733 tinet
212 4674 471 4753 (Urkundenbuch
492 4694 551 4731 von
568 4673 831 4741 Oberdsterreich‚
850 4673 894 4753 1.),
920 4693 997 4749 quae
1013 4675 1165 4741 Liutoldo‚
1191 4677 1337 4732 monacho
1363 4676 1402 4731 illi
1426 4677 1539 4733 saeculi
1555 4678 1632 4743 XII„
1657 4676 1846 4733 adtribuitur.

113 4791 147 4845 In
180 4788 288 4845 eodem
319 4807 444 4843 numero
475 4788 628 4860 „Historia
652 4786 832 4843 fundationis
857 4790 1028 4843 monasterii
1053 4789 1252 4845 helucensis‘*
1279 4802 1325 4845 est
1353 4786 1431 4867 (pez,
1456 4789 1568 4865 Script.
1594 4809 1652 4845 rer.
1677 4788 1777 4845 Austr.
1802 4788 1846 4867 1.),

113 4905 201 4959 cuius
224 4903 404 4977 scriptorem
429 4903 612 4975 ignoramus,
638 4913 667 4955 et
690 4898 955 4956 Seitenstadiensis
981 4920 998 4956 a
1022 4900 1224 4957 Gundachero
1249 4900 1359 4957 abbate
1384 4905 1564 4978 conscripta.

246 5013 268 5092 ⁴)
293 5013 394 5070 Series
422 5011 565 5070 abbatum
594 5026 711 5069 exstant
738 5015 770 5067 -in
802 5015 986 5069 monasterio
1012 5013 1049 5069 ad
1073 5034 1096 5069 S.
1122 5015 1258 5079 Petrum,
1288 5013 1501 5083 Lambacensi,
1526 5013 1699 5081 Mellicensi,
1725 5014 1845 5072 Gottvi-

113 5130 209 5191 censi,
232 5126 484 5194 Seitenstettensi,
510 5126 717 5191 Admontensi‚
742 5125 960 5181 Lunaelacensi
983 5126 1048 5182 aliis
1072 5123 1121 5204 (cf.
1145 5127 1212 5192 Pez,
1237 5125 1347 5202 Script.
1372 5127 1390 5182 l.
1415 5145 1441 5182 c.
1466 5124 1524 5203 ΙΙ.),

246 5238 269 5317 5)
295 5240 377 5296 Hunc
399 5245 426 5299 in
452 5243 555 5300 locum
578 5238 736 5294 reserenda
760 5253 806 5294 est
829 5240 955 5294 historia
977 5240 1143 5315 particulae
1168 5258 1191 5295 s.
1217 5242 1314 5295 crucis
1338 5239 1517 5295 Mellicensis
1542 5236 1631 5317 (apud
1647 5241 1715 5309 Pez,
1732 5239 1844 5318 Script.

112 5355 132 5410 I.
150 5374 178 5409 c.
196 5350 255 5430 ΙΙ.),
281 5366 310 5408 et
333 5372 469 5428 quattuor
496 5352 652 5431 epitaphia
677 5352 806 5408 Conradi
831 5351 949 5409 abbatis
973 5353 1207 5408 Lunaelacensis
1236 5367 1312 5424 1145
1339 5353 1442 5417 occisi,
1472 5371 1549 5427 quae
1573 5352 1667 5409 eidem
1693 5354 1845 5423 LuitoIdO,

111 5485 205 5542 quem
228 5483 317 5540 supra
335 5478 568 5543 nominat-imus,
593 5463 813 5521 adscribuntur.

1605 5582 1623 5616 n
