4252 6112
932 426 980 436 -
1038 403 1108 473 272
1161 344 1215 438 ’-

154 625 161 637 .
205 580 240 643 in
260 581 461 668 Homburg,
482 596 610 666 postea
630 586 842 650 secretarius
862 588 1032 671 principis

204 706 355 788 abbatiS,
373 707 526 790 denique
543 684 756 801 peconorhus
772 710 807 772 in
823 710 1030 774 Dettensee.

204 827 325 892 Exivit
352 850 398 892 ex
424 831 491 893 hoc
519 833 649 895 mundo
678 832 735 895 die
767 853 813 896 11.
837 833 910 895 Ian.
940 837 1029 912 1789.

204 950 428 1016 Adservatur
443 952 478 1014 in
495 952 626 1018 archiv.
642 952 892 1017 Muto-(idest

290 1085 434 1142 Defensio
447 1083 617 1139 authentiae
629 1093 764 1137 actorum
778 1081 909 1137 Murens.
924 1094 953 1137 et
965 1081 1030 1156 plu·

202 1210 251 1248 res
267 1192 322 1247 hac
339 1191 376 1246 de
392 1207 425 1245 re
438 1188 723 1244 communicationes
737 1204 802 1242 cum
818 1185 1030 1243 canonicoAr·

203 1309 322 1371 gentor.
341 1292 530 1350 Grandidier.
548 1289 669 1347 Archiv.
686 1288 723 1345 A.
740 1289 762 1345 1.
781 1304 810 1345 2.

288 1403 435 1478 Laslof
457 1413 642 1476 Basilius
671 1397 1028 1495 (Mechitharista),

200 1535 267 1598 fuit
283 1555 373 1597 unus
386 1554 431 1595 ex
444 1532 642 1595 senioribus
658 1531 820 1614 patribus
831 1530 1027 1594 Mechitha·

200 1657 305 1738 ristis,
328 1656 387 1738 qui
407 1675 500 1718 anno
521 1653 779 1734 1773Venetiis
799 1653 1027 1736 transmigra·

199 1790 280 1843 runt
296 1779 480 1862 Tergeste.
503 1778 559 1840 De
576 1777 651 1839 eius
663 1775 738 1839 vita
754 1776 838 1838 nihil
854 1774 949 1837 aliud
966 1795 1026 1838 no·

199 1913 272 1966 tum
286 1911 350 1981 est,
364 1900 432 1963 nisi
444 1903 538 1982 quod
550 1899 778 1981 Armenopoli
794 1900 928 1981 (vulg0:
942 1897 1026 1963 Sza-

198 2025 385 2106 mosujvar)
403 2025 438 2086 in
454 2023 702 2085 Transilvania
718 2021 764 2084 sit
780 2034 894 2085 natus

285 2147 437 2209 Unicum
453 2164 544 2228 opus
560 2144 683 2207 existit
703 2147 749 2206 ab
772 2162 814 2207 eo
835 2163 881 2206 ex
898 2143 1025 2206 Latino

197 2279 299 2332 textu
316 2270 351 2331 in
367 2269 451 2351 ling.
468 2268 798 2330 Palaeo-armenam
815 2267 1024 2329 translatum

197 2404 233 2458 et
249 2393 346 2476 typis
365 2391 513 2454 editum:

283 2517 451 2596 gaftfmp
488 2517 667 2593 gurm„
700 2514 1023 2593 pappmqtmpptu

197 2627 215 2680 i.
225 2644 251 2681 e.
265 2622 402 2688 Haberti‚
416 2621 632 2697 Compendium
645 2620 800 2677 doctrinae
813 2619 880 2675 fidei
897 2632 926 2675 et
939 2619 1024 2676 theo·

197 2731 296 2805 logiae
312 2729 443 2784 moralis.
468 2727 620 2801 Tergesti‚
639 2729 718 2801 typis
733 2725 874 2782 Mechith.
896 2737 986 2797 1791.

280 2837 432 2912 Laszld
461 2849 738 2911 Balthasarus
760 2847 940 2909 Michael
962 2848 1023 2929 (de

194 2988 221 3031 s.
235 2968 375 3031 Monte
391 2965 656 3047 Pannoniae),
674 2965 917 3046 Kaposvarini
934 2985 1021 3030 com.

194 3090 363 3173 Somogy.
385 3090 419 3151 in
435 3088 620 3170 Hungaria
642 3088 698 3150 die
721 3094 749 3149 6.
767 3088 839 3151 Ian.
861 3091 941 3151 185ο
962 3108 1022 3150 na-

194 3224 261 3293 tus,
278 3213 335 3275 die
352 3217 381 3275 8.
396 3209 495 3294 Sept.
514 3215 593 3273 1868
611 3230 637 3272 s,
650 3211 774 3273 habitu
791 3210 943 3292 indutus,
960 3213 1021 3273 ab·

194 3336 317 3399 solutis
333 3334 369 3396 in
385 3354 412 3397 s.
426 3343 543 3395 monte
561 3352 588 3394 s
601 3333 803 3415 theologiae
820 3332 946 3395 studiis
963 3332 1021 3395 die

197 3479 243 3521 ιο.
267 3460 361 3540 Aug.
389 3462 467 3536 1873
493 3467 578 3519 vota
601 3455 783 3517 sollemnia
807 3454 939 3535 emisit,
963 3454 1020 3517 die

184 3544 277 3643 ¹vero
298 3601 345 3660 17.
363 3580 521 3642 eiusdem
537 3578 668 3640 mensis
685 3588 721 3639 et
737 3542 1021 3659 anni'presbyter

192 3703 375 3766 ordinatus
396 3713 460 3765 est.
490 3706 655 3779 ¹87³-74
678 3699 857 3779 professor
877 3699 1018 3779 lamini,

193 3844 295 3887 exeo
312 3825 435 3906 Papae
452 3824 577 3885 eodem
594 3821 754 3903 fungitur
770 3819 900 3884 officio

279 3945 443 4028 Scripsit:

278 4072 402 4147 Eurripa
415 4067 548 4126 kedvezd
563 4069 772 4144 eghajlatanak
784 4066 857 4126 16111)
871 4066 1016 4145 tenyezdi.

192 4173 221 4254 (i.
239 4196 265 4232 e.
283 4177 328 4232 De
346 4176 517 4251 praecipuis
534 4175 633 4229 causis
655 4173 729 4229 caeli
752 4176 780 4228 in
797 4173 922 4249 Europa
939 4174 1018 4230 salu·

192 4278 330 4356 britatis)
354 4280 385 4335 In
406 4298 509 4355 progr.
530 4297 630 4352 gymn.
654 4277 798 4352 Papensis
824 4276 949 4352 187677.
975 4277 1017 4335 8⁰.

191 4405 220 4461 Ρ·
238 4399 354 4457 3-31·

277 4494 732 4590 LebingerNorbertus
754 4503 1018 4587 (San-Paula-

190 4625 288 4705 nus).
305 4623 419 4686 Natus
436 4635 491 4686 est
507 4625 552 4685 ad
570 4642 596 4686 s.
613 4621 876 4685 Lambertinum
894 4625 928 4686 in
947 4622 1016 4687 Sti-

189 4748 240 4810 ria
262 4746 319 4809 die
342 4768 370 4825 9.
387 4746 451 4809 Iul.
478 4750 572 4817 1833;
597 4765 623 4806 s.
644 4745 768 4808 habitu
791 4746 935 4809 indutus
959 4747 1016 4808 die

193 4876 240 4933 18.
254 4867 332 4933 Oct.
351 4872 444 4936 1851:
462 4867 679 4930 sollemniter
693 4867 877 4964 professus
894 4869 951 4931 die
968 4872 1014 4930 18.

189 4991 267 5057 Oct.
290 4995 385 5069 1854:
407 4991 607 5053 sacerdotio
630 4990 788 5053 initiatus
809 4990 866 5053 die
884 5012 934 5071 27.
951 4992 1014 5055 Iul.

146 5090 151 5098 .
193 5118 282 5177 1856.
308 5112 415 5176 Simul
431 5133 473 5175 ac
486 5113 604 5175 studia
616 5112 817 5195 theologica
829 5113 865 5175 in
878 5113 1014 5195 episco-

188 5236 259 5314 pali
271 5235 431 5298 instituto
443 5234 728 5317 Clagenfurtensi
740 5235 954 5308 absolverat,
969 5237 1014 5298 ad

190 5373 306 5418 curam
328 5358 520 5419 animarum
542 5360 734 5438 deputatus
751 5359 906 5438 parocho
923 5359 969 5419 ad
986 5377 1013 5421 s.

1111 590 1260 655 Paulum
1284 606 1496 682 cooperatus
1519 606 1574 660 est
1597 616 1663 680 per
1686 618 1839 681 annum,
1865 600 1946 685 dein

1111 715 1250 777 duobus
1271 717 1371 778 annis
1392 717 1426 780 in
1443 719 1537 782 univ.
1546 719 1701 784 Vindob.
1717 722 1896 791 historiae
1911 736 1945 787 et

1110 837 1353 919 geographiae
1368 841 1488 903 studio
1504 859 1649 922 operam
1666 843 1779 924 dedit,
1800 844 1839 907 in
1861 864 1942 908 exa·

1110 957 1201 1020 mine
1218 961 1389 1040 probatus
1406 973 1442 1024 et
1458 964 1605 1026 honeste
1618 968 1847 1046 approbatus
1864 987 1940 1048 pro·

1109 1078 1225 1142 sessor
1240 1082 1393 1145 docebat
1413 1083 1596 1147 historiam
1620 1096 1656 1149 et
1679 1089 1939 1170 geographiam

1109 1203 1260 1283 primum
1277 1204 1312 1265 in
1328 1206 1516 1287 gymnasio
1533 1205 1801 1291 San-Paulano,
1819 1213 1869 1273 ab
1885 1230 1938 1273 an·

1108 1343 1154 1387 no
1176 1325 1306 1388 1866111
1324 1328 1512 1409 gymnasio
1529 1327 1820 1411 Clagenfurtensi
1838 1332 1937 1396 docet

1108 1456 1208 1510 tanta
1216 1447 1348 1530 ingenii
1360 1450 1632 1532 dexteritate‚ut
1640 1471 1832 1534 supremus
1841 1455 1937 1517 scho

1106 1568 1219 1630 larum
1235 1579 1380 1633 senatus
1394 1571 1682 1636 Vindobonensis
1698 1574 1831 1638 litteris
1848 1595 1934 1639 anno

1111 1695 1190 1770 1878
1204 1693 1250 1753 ad
1260 1692 1470 1756 directorem
1479 1695 1656 1778 gymnasii
1665 1694 1936 1780 Clagenfurten·

1106 1812 1155 1875 sis
1171 1813 1264 1876 datis
1281 1815 1320 1887 P.
1333 1814 1499 1879 Norberti
1517 1818 1669 1881 docendi
1685 1819 1866 1883 rationem
1879 1841 1935 1903 ap·

1105 1935 1276 1997 tissimam
1308 1941 1586 2019 commendaret,
1619 1959 1723 2021 quam
1757 1942 1935 2005 candidati

1104 2057 1287 2139 utriusque
1307 2059 1411 2121 huius
1431 2060 1638 2142 disciplinae
1661 2061 1731 2124 sibi
1753 2078 1933 2127 sumerent

1106 2181 1327 2243 servandam.
1352 2181 1500 2245 Praeter
1514 2183 1602 2245 haec
1619 2193 1718 2247 tenet
1734 2185 1936 2266 praefectu-

1104 2271 1178 2362 ram
1196 2302 1306 2364 cellae
1323 2294 1480 2366 vinariae
1501 2304 1536 2366 in
1557 2305 1709 2387 collegio
1725 2305 1936 2389 Clagenfur·

1104 2423 1206 2503 tensi,
1228 2443 1269 2485 ac
1286 2424 1424 2486 Musaei
1441 2425 1609 2488 historiae
1625 2427 1799 2490 naturalis
1817 2427 1936 2492 Carin-

1103 2545 1198 2608 thiae
1215 2558 1270 2608 est
1286 2547 1415 2608 sodalis
1429 2557 1465 2610 et
1478 2547 1660 2612 societatis
1673 2549 1873 2614 historicae
1885 2571 1936 2614 so-

1103 2667 1195 2730 dalis
1211 2678 1247 2731 et
1263 2669 1422 2732 delectus
1439 2672 1485 2732 ad
1502 2670 1782 2734 deliberandum.

1190 2788 1394 2872 Sequuntur
1403 2791 1478 2854 eius
1488 2793 1621 2874 scripta
1634 2792 1733 2874 typis
1743 2793 1935 2875 impressa:

1190 2918 1211 2974 l.
1234 2918 1289 2974 Die
1311 2918 1518 2974 Reformation
1542 2919 1601 2974 und
1624 2916 1934 2993 Gegenreformation

1102 3023 1130 3077 in
1144 3021 1332 3096 Klagensurt.
1350 3019 1379 3097 (i.
1393 3041 1418 3078 e.
1433 3023 1480 3079 De
1493 3022 1707 3080 reformatione
1723 3037 1755 3080 et
1771 3030 1935 3085 contrariis

1101 3124 1225 3182 ausibus
1238 3125 1390 3206 Virunae.)
1406 3131 1438 3198 u)
1451 3128 1508 3184 Die
1521 3127 1737 3184 Reformation.
1754 3129 1936 3206 Programm

1101 3231 1155 3286 des
1168 3231 1196 3287 k.
1207 3231 1236 3287 k.
1248 3229 1460 3305 Gymnasiums
1472 3234 1501 3287 in
1514 3231 1702 3307 Klagensurt.
1718 3232 1778 3290 Am
1787 3232 1936 3293 Schlusse

1101 3334 1155 3390 des
1178 3333 1404 3410 Studienjahres
1433 3335 1523 3409 1867.
1549 3337 1652 3394 Druck
1676 3355 1737 3394 von
1758 3338 1785 3414 J.
1813 3341 1878 3397 und
1901 3342 1936 3399 F.

1100 3439 1187 3494 Leon
1205 3442 1232 3494 in
1244 3439 1433 3515 Klageniurt.
1451 3461 1480 3517 p.
1499 3456 1610 3514 1—49.
1628 3439 1669 3498 8⁰.
1694 3441 1725 3514 b)
1738 3442 1795 3499 Die
1808 3443 1935 3520 Gegen·

1099 3543 1304 3600 reformation.
1321 3544 1495 3619 Programm
1513 3545 1566 3601 des
1583 3546 1612 3601 k.
1625 3545 1654 3601 k.
1668 3544 1890 3621 Gymnasiums
1901 3569 1936 3605 zu

1099 3647 1286 3723 Klagenlurt.
1300 3648 1356 3704 Am
1369 3648 1512 3706 Schlusse
1527 3649 1580 3705 des
1590 3648 1822 3724 Studienjahres
1841 3653 1932 3711 1868.

1099 3753 1203 3808 Druck
1220 3772 1278 3809 von
1294 3753 1319 3829 J.
1336 3754 1395 3809 und
1411 3754 1445 3809 F.
1463 3754 1548 3811 Leon
1565 3756 1593 3810 in
1610 3753 1802 3828 Klagensurt.
1821 3777 1853 3833 p.
1877 3774 1935 3814 1-

1098 3871 1149 3930 ss·
1169 3855 1210 3913 8⁰·

1185 3961 1221 4018 ΙΙ.
1238 3962 1465 4036 Mittheilungen
1481 3982 1536 4018 aus
1551 3962 1618 4019 dem
1635 3961 1856 4023 Stistsarchive
1873 3985 1933 4023 von

1098 4066 1129 4123 S.
1146 4066 1228 4122 Paul.
1245 4063 1274 4144 (i.
1289 4085 1314 4122 e.
1329 4067 1501 4123 Relationes
1517 4087 1554 4123 ex
1570 4067 1717 4124 tabulario
1731 4086 1756 4123 s.
1772 4069 1933 4147 Paulam.)

1097 4171 1296 4246 Abgedrurkt
1324 4173 1361 4227 im
1387 4171 1498 4227 Archiv
1526 4171 1573 4227 fiir
1599 4171 1845 4243 vaterlindische
1869 4173 1933 4231 Ge·

1097 4277 1230 4332 schichte
1251 4275 1310 4330 und
1328 4276 1555 4351 '1¹0pographie.
1581 4276 1848 4351 Herausgegebcn
1868 4298 1928 4336 von

1097 4382 1163 4437 dem
1186 4379 1384 4436 historischen
1401 4381 1529 4436 Vereine
1554 4380 1599 4436 hir
1619 4381 1764 4437 Kirnten.
1791 4398 1823 4455 ,7.
1846 4383 1933 4459 Jahr-

1097 4504 1187 4560 gang.
1211 4483 1397 4559 klagenfuru
1420 4482 1509 4556 1858.
1536 4484 1640 4541 Druck
1661 4504 1720 4541 von
1741 4484 1811 4560 Joh.
1831 4487 1929 4544 Leon.

1097 4609 1126 4666 p.
1144 4589 1259 4646 6-21.
1278 4587 1319 4645 8⁰.

1181 4736 1367 4809 Lehnert
1409 4746 1616 4811 Geraldus
1656 4750 1934 4831 (Admonten-

1096 4865 1180 4946 sis),
1203 4863 1345 4928 Graecii
1362 4867 1396 4928 in
1414 4866 1521 4930 Stiria
1537 4876 1642 4930 natus
1668 4886 1713 4929 10.
1731 4867 1809 4931 Iun.
1834 4875 1929 4951 1820,

1095 4998 1179 5048 vota
1200 4988 1315 5049 emisit
1333 4989 1514 5051 sollemnia
1535 5010 1581 5053 11.
1599 4989 1661 5052 Iul.
1683 4993 1775 5072 1844,
1797 5002 1837 5055 et
1858 4993 1930 5076 pri·

1094 5108 1211 5171 mitias
1227 5111 1421 5173 celebravit
1439 5133 1485 5174 11.
1501 5112 1593 5194 Aug.
1612 5115 1701 5190 1844.
1718 5110 1838 5178 Curae
1853 5117 1930 5179 ani-

1093 5253 1227 5295 marum
1259 5234 1456 5297 destinatus
1487 5246 1755 5332 cooperatorem
1786 5238 1868 5320 egit
1893 5238 1931 5301 in

1094 5352 1329 5440 Groebming‚
1355 5357 1529 5420 (iaishorn
1553 5355 1589 5419 et
1612 5359 1783 5421 Kraubat
1809 5379 1931 5445 usque
