4222 6106
815 494 858 505 -
903 457 1067 521 LXXIII
1113 496 1153 506 -

107 684 377 768 redintegratus
400 693 455 749 est
470 686 503 767 ¹).
550 683 655 748 Clara
687 685 795 748 etiam
822 685 991 748 memoria
1022 694 1077 748 est
1111 686 1360 747 monachorum
1388 686 1722 768 Lunaelacensium,
1755 688 1848 750 Inni-

108 823 286 905 censium,
317 822 651 906 Cremifanensium,
683 824 914 888 Mettensium
945 835 982 887 et
1012 823 1400 907 Lacustigurinensium
1430 823 1466 887 in
1498 824 1670 907 Bavaria,
1702 845 1848 907 quorum

108 962 267 1026 omnium
282 963 319 1026 in
333 961 404 1025 lide
416 962 617 1026 Christiana
630 965 726 1046 apud
739 974 868 1047 gentes
881 964 1034 1046 Alpinas
1046 964 1282 1047 propaganda
1295 972 1331 1026 et
1344 961 1584 1026 confirmanda
1597 966 1739 1027 saeculo
1751 965 1848 1028 VIII.

107 1113 149 1165 et
170 1101 238 1165 IX.
263 1121 437 1164 summum
461 1110 539 1166 erat
561 1102 719 1166 studium
734 1105 769 1185 2).

242 1241 284 1303 In
305 1240 478 1304 Bohemia
501 1251 537 1305 et
561 1241 748 1326 Hungaria
764 1240 989 1305 Benedictini
1013 1242 1158 1304 saeculo
1181 1241 1230 1304 X.
1255 1251 1292 1304 et
1314 1241 1380 1305 XI.
1404 1243 1546 1305 laudem
1569 1253 1848 1323 promeruerunt.

108 1378 142 1441 E
165 1378 379 1442 monasterio
403 1379 670 1462 Breunoviensi,
694 1401 715 1442 a
739 1400 809 1462 quo
833 1389 886 1443 tot
909 1381 945 1442 in
969 1380 1141 1442 Bohemia
1163 1378 1325 1462 profecta
1347 1388 1430 1444 sunt
1451 1381 1675 1464 monasteria,
1700 1381 1848 1464 eiusque

104 1517 378 1600 praeposituris
403 1539 552 1600 quarum
575 1499 796 1582 nobilissima
811 1529 867 1581 est
883 1517 1130 1602 Raigradium,
1155 1528 1191 1581 et
1208 1516 1432 1583 Ostroviensi
1448 1520 1494 1581 ad
1511 1518 1694 1583 Sazawam
1717 1520 1847 1583 flumen

106 1655 181 1719 sito
205 1655 305 1719 multi
327 1656 535 1737 prodierunt
558 1656 735 1740 monachi,
761 1658 822 1739 qui
846 1667 882 1720 et
904 1659 1017 1720 verbo
1042 1668 1079 1721 et
1102 1659 1266 1740 exemplo
1291 1658 1425 1721 animas
1448 1658 1517 1721 sibi
1540 1658 1779 1723 subiectorum
1802 1661 1848 1722 ad

106 1814 219 1858 unam
241 1796 392 1859 salutem
415 1797 635 1860 adducerent
649 1797 893 1879 plurimasque
916 1798 1025 1860 aedes
1050 1816 1170 1859 sacras
1187 1796 1417 1860 aedificarent
1430 1799 1466 1879 ³).
1503 1797 1544 1859 In
1560 1797 1747 1880 Hungaria
1762 1816 1848 1879 prae

106 1933 242 1998 ceteris
265 1934 428 1997 monachi
450 1934 584 1998 Montis
606 1934 815 1999 Pannoniae
838 1935 1011 2018 singulari
1033 1933 1153 1998 studio
1177 1935 1392 2016 enituerant,
1424 1945 1464 1998 ut
1493 1945 1592 1998 recte
1624 1935 1693 1999 dici
1723 1937 1848 2018 possit,

106 2093 235 2137 eorum
269 2093 379 2157 opera
412 2075 518 2157 longe
553 2074 724 2155 plurimos
758 2074 892 2137 incolas
927 2075 1004 2138 eius
1038 2083 1154 2137 terrae
1189 2076 1235 2136 ad
1270 2074 1504 2137 Christianam
1539 2075 1735 2137 doctrinam
1769 2096 1848 2158 per·

105 2215 239 2276 ductos
262 2231 342 2275 esse
356 2213 391 2293 4).

241 2350 445 2415 Posteriore
465 2361 626 2436 tempore
649 2352 884 2435 Benedictini,
901 2373 1115 2436 quamquam
1131 2375 1201 2418 non
1217 2355 1358 2418 omnino
1375 2355 1583 2418 dimiserunt
1603 2374 1694 2437 opus
1713 2355 1849 2418 missio-

105 2490 267 2572 narium,
305 2501 425 2554 tamen
462 2494 570 2555 rebus
603 2492 858 2556 ecclesiasticis
896 2494 1039 2557 saeculo
1074 2494 1158 2557 XII.
1198 2494 1232 2557 in
1270 2495 1374 2558 terris
1408 2494 1608 2558 Austriacis
1643 2493 1849 2574 compositis

104 2629 360 2712 parochiisque
383 2631 489 2695 certis
516 2630 646 2697 finibus
670 2631 945 2714 circumscriptis
967 2633 1231 2697 intermiserunt
1253 2644 1362 2715 atque
1384 2634 1522 2715 reliqua
1545 2653 1630 2696 cura
1653 2632 1846 2696 animarum

106 2771 209 2833 clero
223 2769 396 2833 saeculari
412 2771 536 2835 relicta
552 2772 598 2834 ad
613 2773 892 2854 praedicandum
906 2773 1153 2837 incubuerunt.
1184 2771 1294 2836 Velut
1316 2774 1479 2836 monachi
1496 2795 1522 2838 s.
1539 2773 1637 2837 Petri
1653 2793 1746 2837 anno
1768 2778 1847 2852 1139

107 2909 382 2993 archiepiscopo
412 2909 577 2973 Conrado
606 2911 651 2994 1.‚
685 2910 762 2975 viro
793 2914 837 2975 de
867 2914 975 2975 rebus
1005 2913 1256 2976 ecclesiasticis
1288 2913 1420 2994 optime
1449 2913 1592 2994 merite,
1626 2913 1849 2976 tradiderunt

106 3048 318 3133 parochiam
342 3047 666 3133 salisburgensem,
693 3062 733 3113 ut
760 3052 856 3114 nulla
883 3072 921 3115 re
949 3051 1111 3134 impediti
1134 3051 1383 3115 satisfacerent
1405 3053 1572 3135 Regulae
1595 3051 1798 3134 praeceptis
1813 3053 1848 3131 ⁵).

106 3187 218 3270 Quod
250 3208 330 3251 cum
360 3188 523 3252 fecerunt
546 3189 797 3273 ¹Benedictini,
828 3190 933 3253 iussis
964 3191 1088 3272 Papae
1111 3188 1242 3254 Calixti
1265 3191 1309 3253 II.
1342 3192 1451 3273 (1122)
1482 3200 1695 3272 paruerunt,
1725 3198 1848 3253 vetera

108 3328 260 3389 decreta
282 3327 454 3391 canonica
477 3328 512 3390 in
535 3329 738 3392 memoriam
761 3329 977 3411 revocantis,
1000 3350 1045 3393 ne
1069 3329 1148 3411 quis
1170 3331 1365 3393 monachus
1389 3329 1631 3393 confessiones
1655 3329 1846 3412 exciperet,

110 3486 208 3529 neve
231 3479 398 3550 aegrotos
420 3467 599 3550 visitaret,
630 3488 721 3531 neve
749 3488 851 3531 sacra
874 3469 1091 3551 parochialia
1115 3468 1239 3532 obiret.
1278 3469 1401 3532 Aedes
1432 3488 1554 3532 sacrae
1586 3467 1692 3530 etiam
1722 3479 1796 3530 tum
1827 3489 1848 3531 a

110 3608 296 3670 monachis
320 3607 609 3692 aedificabantur,
633 3628 678 3671 ne
700 3609 753 3691 iis,
778 3608 838 3690 qui
854 3629 961 3692 agros
978 3628 1098 3671 eorum
1114 3609 1221 3692 longe
1241 3608 1384 3688 lateque
1400 3608 1574 3689 colebant,
1598 3607 1715 3670 aditus
1731 3626 1848 3669 sacro-

108 3766 191 3808 rum
216 3747 435 3809 sollemnium
459 3749 611 3830 deesset,
636 3768 720 3811 cura
743 3756 861 3812 tamen
885 3748 1079 3811 animarum
1102 3747 1137 3810 in
1161 3746 1322 3809 omnibus
1346 3746 1524 3829 parochiis
1540 3765 1619 3808 cum
1635 3745 1670 3808 in
1693 3745 1848 3826 praediis

107 3905 237 3948 eorum
261 3888 306 3948 ab
330 3885 418 3968 ipsis
441 3887 644 3950 constitutis
667 3896 742 3952 tum
764 3907 787 3949 a
809 3886 1057 3951 fundatoribus
1081 3886 1240 3967 acceptis
1257 3886 1352 3948 clero
1377 3885 1549 3948 saeculari
1573 3885 1847 3966 relinquebatur.

246 4022 318 4088 Sed
342 4035 502 4108 tempore
526 4029 571 4090 de
594 4037 694 4090 tanta
714 4027 906 4091 severitate
927 4026 1146 4108 aliquantum
1167 4026 1353 4088 remissum
1377 4035 1440 4087 est.
1481 4023 1608 4087 Omnia
1631 4023 1706 4086 fere
1728 4043 1847 4086 mona·

105 4163 241 4245 steria,
273 4185 364 4247 quae
396 4168 539 4230 saeculo
563 4166 633 4229 XL
656 4177 692 4230 et
715 4167 801 4231 XII.
824 4167 861 4230 in
883 4167 1032 4230 Austria
1055 4167 1198 4229 condita
1222 4177 1321 4248 sunt,
1345 4187 1367 4228 a
1389 4163 1637 4228 fundatoribus
1660 4165 1717 4226 vel
1740 4165 1847 4226 bene·

106 4303 311 4367 factoribus
325 4302 349 4385 ⁶)
378 4306 424 4366 ad
454 4305 591 4368 reditus
613 4308 797 4389 augendos
820 4305 1008 4388 parochias
1031 4315 1263 4387 acceperunt,
1295 4316 1335 4368 ut
1357 4304 1576 4386 Mellicense,
1605 4301 1847 4380 Gottvicense,

103 4443 425 4527 Seitenstettense,
434 4445 1000 4529 Altenburgense,Admontense,
1011 4465 1037 4508 s.
1048 4444 1238 4527 Lamberti,
1253 4465 1279 4507 s.
1289 4444 1402 4527 Pauli,
1416 4442 1589 4508 Scotense
1600 4440 1847 4518 Vindobonae,

246 4739 268 4821 1)
290 4743 460 4801 Conversio
483 4744 701 4818 Bagoariorum
725 4757 756 4800 et
779 4744 1029 4812 Carautanorum.

245 4856 267 4934 ²)
290 4857 404 4915 Confer
426 4876 562 4936 prooem.
587 4859 610 4914 I.

244 4966 268 5048 ³)
289 4970 383 5027 Frind
405 4971 424 5028 l.
449 4989 475 5028 c.
500 4972 523 5028 l.

244 5080 267 5162 ⁴)
290 5083 399 5141 Czinar
422 5085 445 5141 1.

246 5194 268 5275 5)
290 5194 394 5255 Series
417 5196 521 5255 abbat.
545 5210 673 5255 monast.
697 5198 735 5254 ad
758 5217 782 5254 s.
799 5198 919 5254 Petrum
943 5195 1122 5271 Salisburgi.

245 5305 268 5390 6)
290 5311 403 5368 Eorum
426 5313 455 5368 in
478 5329 604 5368 numero
621 5313 751 5368 eminent
766 5313 919 5387 principes
934 5322 965 5366 et
981 5310 1128 5386 episcopi,
1145 5322 1177 5365 ut
1193 5309 1416 5385 archiepiscopi
1432 5305 1691 5382 Salisburgenses,
1708 5310 1844 5385 episcopi

103 5425 339 5485 Passavienses.

1603 5522 1622 5572 k
