4252 6112
859 455 1206 557 .‘¹8²‘

287 664 324 719 X.
347 664 405 718 Pro
427 680 505 718 anno
525 661 623 735 1851:
647 661 956 735 Zusammenstellung
976 661 1030 718 der
1112 661 1456 740 1838-40.(Numerus
1465 662 1609 720 librorum
1619 666 1699 740 typis
1708 664 1863 722 editorum
1873 663 1950 722 bibl.

199 765 308 824 beiden
324 766 536 840 Erzahlungen
551 784 611 822 von
627 766 693 822 dem
706 754 796 822 Tode
811 765 865 821 der
877 765 1029 841 Polyxena
1106 765 1193 824 Scot.
1215 785 1310 843 usque
1330 767 1426 824 adhuc
1447 767 1485 823 ad
1502 765 1609 824 60000
1624 768 1684 825 vol.
1705 782 1752 825 est
1773 767 1950 848 adauctus.)

199 891 254 928 aus
271 871 431 947 Euripides
447 870 506 927 und
518 869 646 928 Seneca.
663 867 692 948 (i.
705 888 731 927 e.
749 870 943 946 Comparatio
960 888 1028 926 nar·

200 978 347 1033 rationum
377 974 530 1051 Euripidis
557 988 591 1031 et
621 974 758 1032 Senecae
789 974 826 1031 de
856 974 1028 1050 Polyxenae

200 1077 305 1157 obitu.)
798 1152 802 1158 ι

286 1185 338 1240 XI.
366 1185 425 1240 Pro
457 1181 552 1257 1857:
580 1181 764 1240 Geschichte
787 1182 841 1239 des
865 1182 1028 1239 Schotten·

200 1290 413 1364 gymnasiums.
445 1283 475 1364 (i.
501 1306 526 1344 e.
555 1287 690 1344 Historia
717 1305 743 1344 c.
768 1305 792 1342 r.
816 1286 962 1362 gymnasii
990 1285 1028 1342 ad

200 1393 313 1450 Scotos
330 1387 471 1470 Vindob.)

287 1511 341 1573 Ex
375 1510 475 1573 libris
510 1530 556 1574 ss.
588 1519 727 1592 patrum
763 1509 897 1573 selecta
930 1509 1027 1592 typis

200 1633 328 1696 edidit:

285 1760 351 1816 XII.
369 1759 516 1826 Christus,
534 1757 654 1832 Anfang
670 1756 729 1813 und
745 1756 840 1813 Ende.
857 1755 914 1812 EIn
928 1757 1026 1813 Kranz

199 1882 258 1919 von
285 1862 425 1920 Gebeten
455 1881 510 1919 aus
536 1860 712 1918 beriihmten
740 1858 1002 1917 Kirchen·Schril
1013 1891 1026 1902 ·

198 1967 329 2023 stellern.
352 1964 382 2045 (i.
396 1985 422 2023 e.
444 1966 592 2034 Christus,
609 1966 633 2022 A
650 1978 680 2021 et
696 1962 730 2033 Ω,
747 1982 856 2041 preces
873 1983 890 2020 e
905 1966 1026 2040 scriptis

198 2090 238 2128 ss.
250 2084 365 2148 patrum
381 2067 534 2148 selectae.)
552 2086 562 2125 1
575 2069 635 2126 vol.
653 2068 686 2126 8⁰
694 2070 762 2126 min.
777 2069 920 2136 Viennae,
935 2066 1025 2141 1842,

197 2175 278 2251 apud
294 2176 389 2249 Ignat.
407 2174 561 2231 LIenhart.
587 2189 614 2231 2.
632 2173 679 2230 ed.
697 2180 738 2230 c2.
760 2172 849 2246 1844.

284 2298 366 2353 XIII.
398 2295 641 2354 Chrestomathia
667 2274 704 2352 ex
736 2294 821 2352 libris
852 2309 1024 2352 sanctorum

197 2403 346 2459 ecclesiae
376 2414 512 2477 patrum,
544 2400 716 2468 doctorum,
748 2402 943 2475 scriptorum,
974 2402 1024 2474 qui

197 2508 297 2580 lingua
317 2507 428 2562 Latina
446 2507 641 2581 scripserunt,
664 2507 842 2580 composita.
867 2505 939 2562 Usui
961 2523 1024 2561 mo·

196 2611 359 2667 nachorum
383 2609 447 2666 ord.
472 2629 497 2666 s.
518 2609 550 2665 P.
568 2608 721 2685 Benedicti
742 2610 771 2665 in
792 2609 1024 2665 monasterioli.

196 2715 236 2770 M.
253 2715 289 2771 V.
313 2713 351 2770 ad
371 2713 484 2770 Scotos
499 2712 698 2770 Vindobonae
721 2712 902 2787 degentium.
928 2728 945 2769 2
962 2714 1023 2769 vol.

196 2818 343 2875 Volumen
367 2819 390 2874 I.
419 2818 623 2893 complectens
650 2817 763 2874 selecta
790 2836 827 2873 ex
855 2815 938 2873 libris
964 2817 1023 2873 divi

196 2923 297 2979 Aurel.
321 2923 491 2997 Augustini.
514 2923 661 2980 Volumen
684 2923 721 2978 II.
748 2923 952 2997 complectens
976 2940 1023 2978 se·

197 3029 274 3084 lecta
299 3046 335 3084 ex
360 3027 443 3084 libris
465 3039 635 3083 sanctorum
652 3025 806 3083 Ambrosii
822 3039 852 3082 et
869 3026 1021 3101 Gregorii.

195 3131 238 3190 8⁰.
259 3131 468 3198 Vindobonae,
494 3128 571 3203 1863
596 3145 626 3187 et
647 3128 737 3199 1866,
762 3144 870 3207 sumpt.
895 3143 1021 3187 monast.

195 3237 232 3293 ad
248 3236 371 3303 ScotOS,
389 3238 468 3312 typis
485 3254 630 3310 congreg.
646 3235 788 3292 Mechith.

280 3358 360 3415 XIV.
382 3359 572 3434 Conscripsit
587 3376 680 3434 porro
698 3359 800 3434 plures
816 3359 943 3433 hymnos
960 3370 1021 3413 tum

195 3466 224 3520 in
236 3465 346 3519 Latino
360 3476 421 3519 tum
434 3465 463 3518 in
477 3462 658 3519 Germanico
675 3462 817 3519 idiomate
833 3481 890 3538 pro
906 3464 1020 3518 iuveni-

193 3565 250 3624 bus
270 3565 326 3624 sub
348 3586 419 3624 cura
435 3566 694 3623 Benedictinorum
719 3569 747 3623 111
771 3569 927 3642 gymnasio
945 3566 1021 3623 Sco·

194 3675 270 3729 tensi
287 3672 452 3729 litterarum
468 3671 611 3729 studi0sis
624 3674 665 3727 uti
681 3670 811 3742 „Sancte
824 3673 913 3727 Pater
926 3672 1020 3727 Bene-

194 3778 304 3843 dicte“,
332 3775 417 3847 „Ave
436 3778 523 3852 virgo
544 3778 712 3850 gratiosa“,
740 3777 820 3849 „Cpr
845 3776 1018 3842 devotum“‚

194 3881 302 3938 deinde
323 3900 379 3957 pro
399 3882 496 3937 salute
511 3883 742 3956 augustissimae
759 3880 865 3938 domus
881 3880 1019 3937 Austria·

194 4004 258 4052 cae,
284 3989 312 4041 in
337 3985 440 4041 funere
465 3988 581 4042 iuvenis
605 4000 636 4042 et
655 3986 730 4041 alios
752 4004 841 4061 quarn
863 3986 1018 4062 plurImos.

194 4089 275 4145 Inter
291 4090 348 4145 alia
364 4091 473 4145 missae
491 4108 508 4145 a
525 4090 558 4144 F.
577 4087 729 4146 Schubert
748 4092 934 4165 compositae
955 4103 1019 4146 tex·

194 4207 255 4249 tum
271 4193 514 4250 adcommodavit
529 4194 667 4249 Latinum
684 4206 742 4249 etc.
759 4207 817 4249 etc.

184 4382 187 4387 ¹
280 4310 359 4391 Qua
393 4310 682 4373 bibliothecarius
716 4323 903 4392 praeterea
937 4330 1018 4373 con-

194 4433 351 4515 scripsit:

280 4559 344 4616 XV.
355 4557 573 4615 Sexcentorum
583 4558 646 4614 sere
655 4560 1019 4634 manuscriptorum,quae

191 4662 375 4720 bibliotheca
395 4665 567 4719 monasterii
582 4665 616 4719 B.
632 4664 672 4719 M.
688 4663 724 4720 V.
745 4663 783 4719 ad
800 4662 911 4720 Scotos
927 4665 1018 4722 Vien-

192 4787 248 4826 nae
261 4770 403 4836 continet,
416 4767 586 4842 catalogum
595 4767 823 4845 adcuratissime
836 4767 1015 4825 coniectum.

191 4874 316 4950 Mscrpt.
335 4874 363 4928 in
380 4869 443 4928 600
455 4871 567 4948 plagul.
584 4878 626 4944 4⁰.
645 4872 771 4929 Adserv.
789 4874 818 4928 in
833 4871 1019 4929 bibliotheca

190 4976 341 5035 Scotensi.
358 4975 431 5032 Inde
446 4975 485 5033 ab
502 4994 580 5033 anno
601 4974 778 5050 1838—40.

277 5100 357 5156 XVI.
374 5099 553 5174 Catalogum
565 5097 767 5156 bibliothecae
780 5066 947 5165 Scotensis‚
965 5101 1015 5174 qui

192 5205 324 5259 continet
339 5201 482 5260 librorum
498 5205 579 5280 typis
595 5222 773 5260 excusorum
787 5203 877 5260 millia
889 5203 951 5260 lere
964 5205 1017 5260 tri·

192 5307 274 5380 ginta
289 5305 515 5364 adcuratissime
530 5307 692 5384 descripta.
714 5308 839 5382 Mscrpt.
860 5310 889 5365 in
910 5321 1017 5379 30000

192 5408 304 5485 plagul.
326 5416 368 5482 4⁰.
388 5410 516 5468 Adserv.
538 5414 567 5467 in
582 5409 654 5469 bibl.
671 5411 755 5469 Scot.
781 5412 852 5469 lnde
875 5409 914 5468 ab
938 5430 1016 5468 anno

1192 913 1335 986 Helles
1363 925 1615 988 Ambrosius
1641 926 1947 1013 (Mellicensis),

1105 1039 1276 1103 Moravus
1296 1061 1315 1103 e
1336 1039 1441 1123 Saa'r‚
1463 1053 1568 1106 natus
1588 1043 1646 1107 die
1669 1050 1698 1109 3.
1718 1042 1822 1127 Sept.
1852 1050 1946 1125 1840,

1107 1181 1133 1224 s.
1155 1162 1279 1225 habitu
1304 1162 1446 1227 indutus
1474 1170 1522 1228 13.
1547 1163 1657 1249 Sept,
1684 1166 1741 1229 die
1765 1172 1819 1231 25.
1841 1166 1945 1250 Sept.

1111 1286 1191 1361 1864
1218 1293 1303 1347 vota
1330 1286 1512 1348 sollemnia
1540 1287 1665 1369 emisit,
1693 1298 1731 1351 et
1763 1293 1813 1352 13.
1838 1288 1941 1372 Sept.

1110 1408 1189 1468 1863
1208 1404 1382 1485 primitias
1398 1407 1589 1471 sacerdotii
1600 1408 1680 1471 Deo
1693 1409 1943 1492 Omnipotenti

1106 1526 1244 1590 obtulit.
1283 1527 1424 1591 Publici
1455 1529 1624 1592 ordinarii
1658 1531 1877 1612 professoris
1908 1543 1942 1596 et

1106 1632 1292 1710 directoris
1313 1647 1348 1710 in
1370 1669 1398 1712 c.
1415 1669 1441 1711 r.
1464 1651 1653 1733 gymnasio
1668 1652 1883 1735 Mellicensi‚
1907 1662 1941 1717 et

1106 1769 1296 1832 consiliarii
1304 1790 1419 1834 rerum
1431 1773 1720 1836 scholasticarum
1730 1774 1766 1837 in
1776 1776 1939 1841 districtu

1106 1886 1442 1974 San-Hippolytano
1458 1914 1602 1957 munere
1618 1895 1763 1960 functus
1786 1909 1853 1980 est,
1874 1919 1937 1963 nec

1105 2031 1175 2074 non
1198 2014 1380 2078 societatis
1405 2016 1450 2077 ad
1474 2020 1751 2097 promovendam
1768 2020 1938 2084 Austriae

1105 2134 1280 2198 inferioris
1295 2137 1478 2201 historiam
1493 2137 1654 2202 Viennae
1677 2140 1864 2204 institutae
1884 2162 1935 2206 so·

1105 2257 1194 2319 dalis
1218 2259 1365 2321 exstitit.
1393 2259 1476 2322 Fuit
1497 2271 1710 2344 praeceptor
1730 2266 1934 2345 benevolus,

1104 2378 1230 2440 studiis
1257 2380 1432 2443 historicis
1460 2383 1711 2447 deditissimus.
1746 2386 1829 2449 Non
1858 2407 1933 2451 raro

1104 2502 1387 2581 conquerebatur
1409 2503 1453 2565 de
1474 2503 1719 2568 intestinorum
1743 2507 1932 2592 doloribus

1104 2623 1164 2705 qui
1188 2622 1317 2685 sensim
1338 2625 1429 2686 adeo
1454 2625 1644 2709 mererere,
1668 2638 1706 2690 ut
1731 2633 1811 2708 1875
1833 2631 1932 2713 aquis

1102 2744 1282 2825 Marianis
1296 2748 1375 2824 1876
1384 2744 1557 2808 Carolinis
1566 2758 1733 2813 uteretur.
1744 2747 1821 2814 Sub
1829 2751 1931 2815 finem

1103 2867 1184 2929 anni
1206 2870 1285 2945 1876
1308 2868 1449 2929 domum
1469 2862 1643 2951 reversus,
1665 2870 1758 2933 lecto
1780 2871 1930 2955 adfixus,

1102 3008 1129 3051 s.
1146 2987 1368 3050 Eucharistia
1390 2988 1555 3072 refectus,
1578 2991 1727 3073 singulis
1748 2994 1933 3058 confratri·

1101 3112 1167 3172 bus
1180 3110 1353 3173 valedixit
1366 3120 1402 3173 et
1420 3117 1466 3175 18.
1477 3110 1576 3192 Sept.
1592 3116 1671 3192 1876
1686 3114 1934 3180 intestinorum

1100 3232 1317 3294 tuberculosi
1333 3233 1530 3296 succubuit.

1187 3369 1314 3435 Studio
1330 3372 1499 3435 historiae
1516 3374 1682 3436 incensus
1698 3376 1858 3458 scripsit:

1187 3518 1209 3573 I.
1230 3517 1290 3572 Hat
1307 3517 1379 3572 Karl
1395 3517 1431 3574 V.
1455 3516 1661 3592 wortbriichig
1682 3538 1720 3574 an
1741 3520 1810 3577 dem
1831 3523 1937 3581 Land-

1099 3619 1204 3695 gralen
1220 3621 1337 3697 Philipp
1354 3640 1413 3678 von
1429 3622 1548 3678 Hessen
1565 3623 1736 3697 gehandelt,
1758 3626 1805 3681 als
1828 3645 1864 3684 er
1888 3630 1938 3685 ihn

1098 3744 1134 3781 zu
1150 3725 1237 3781 Halle
1253 3725 1402 3800 gelangen
1419 3723 1525 3782 nahm?
1547 3723 1576 3804 (i.
1595 3745 1620 3784 e.
1639 3728 1780 3785 Fueritne
1797 3732 1937 3806 perfidus

1099 3829 1228 3886 Carolus
1248 3830 1298 3895 V.‚
1329 3848 1394 3886 cum
1419 3830 1624 3905 landgravium
1648 3831 1685 3888 de
1710 3833 1822 3890 Hessia
1846 3836 1938 3894 Halis

1099 3931 1397 4013 comprehendisset.)
1433 3936 1474 3990 lrn
1501 3936 1726 4011 Jahresbericht
1756 3937 1813 3994 des
1841 3940 1875 3997 k.
1904 3943 1935 3999 k.

1099 4037 1426 4113 Ober-Gymnasiums
1457 4059 1493 4095 zu
1523 4040 1604 4096 Melk
1636 4039 1726 4098 1866.
1754 4041 1859 4101 Wien.
1895 4047 1940 4103 Im

1099 4142 1325 4218 Selbstverlage
1342 4142 1395 4199 des
1412 4142 1632 4219 Gymnasiums.
1651 4146 1754 4202 Druck
1770 4166 1833 4204 von
1849 4150 1938 4208 Lud-

1099 4250 1158 4322 wig
1175 4248 1288 4322 Mayer.

1184 4352 1221 4407 II.
1248 4352 1308 4407 Hat
1331 4352 1411 4427 'lylli
1440 4350 1616 4409 absichtlich
1646 4351 1838 4430 Magdeburg
1868 4377 1938 4416 zer·

1098 4461 1185 4523 stom,
1203 4455 1261 4511 und
1277 4456 1356 4511 kann
1373 4456 1590 4530 geschichtlich
1608 4458 1842 4532 nachgewiesen
1856 4481 1938 4520 wer·

1098 4561 1165 4629 den,
1182 4560 1252 4618 dass
1269 4579 1351 4617 eran
1365 4560 1418 4617 der
1431 4563 1618 4636 Zerstorung
1631 4561 1730 4619 dieser
1742 4561 1833 4622 Stadt
1846 4570 1936 4625 seine

1096 4664 1214 4721 Freude
1227 4662 1326 4721 hatte?
1344 4663 1373 4743 (i.
1387 4684 1413 4722 e.
1431 4665 1511 4740 Tylli
1528 4679 1558 4722 et
1574 4666 1852 4742 Magdeburgensis
1870 4670 1933 4729 dis·

1096 4767 1239 4836 turbatim
1257 4768 1425 4843 disquisitio
1442 4766 1608 4847 historica.)
1624 4771 1699 4827 Loc.
1717 4774 1767 4828 cit.
1790 4771 1885 4848 1867.

1184 4892 1235 4947 IlI.
1261 4892 1406 4949 Heinrich
1422 4892 1457 4949 V.
1483 4894 1512 4947 in
1533 4893 1645 4949 seinem
1663 4893 1874 4954 Verbaltnisse
1897 4917 1934 4954 zu

1096 4996 1207 5052 semem
1228 4995 1331 5063 Vater‚
1354 4996 1420 5052 dem
1445 4997 1554 5053 Kaiser
1575 4997 1718 5054 Heinrich
1740 4998 1790 5055 lV.
1816 5000 1879 5057 und
1903 5004 1933 5058 in

1096 5102 1199 5157 seinen
1215 5101 1426 5176 Beziehungen
1442 5121 1476 5156 zu
1493 5101 1586 5176 Papst
1603 5102 1730 5158 Paschal
1747 5103 1786 5159 II.
1808 5102 1856 5160 bis
1878 5105 1935 5162 aus

1095 5204 1144 5260 die
1160 5205 1225 5261 Zeit
1241 5207 1340 5262 seiner
1357 5205 1616 5279 Kaiserkronung.
1639 5202 1669 5283 (i.
1687 5225 1713 5263 e.
1731 5206 1838 5277 Qualis
1855 5227 1930 5267 con·

1095 5327 1189 5365 nexus
1213 5311 1289 5365 inter
1312 5310 1475 5377 Henricum
1500 5309 1536 5365 V.
1560 5308 1597 5365 ad
1622 5323 1739 5386 patrem
1763 5324 1793 5368 et
1816 5331 1928 5389 papam

1094 5412 1230 5470 Paschal.
1249 5411 1298 5492 ΙΙ.)
1314 5415 1389 5472 Loc.
1408 5417 1457 5472 cit.
1480 5412 1570 5473 1868.
