4222 6106
885 488 928 498 -
972 452 1121 514 LXXX
1167 487 1209 498 -

188 671 335 734 formam
358 670 533 734 scribendi
555 671 636 734 huic
652 676 795 738 scholae
812 677 992 757 propriam
1008 678 1209 757 ostendunt,
1233 677 1365 739 abbate
1381 677 1529 740 Arnone
1552 675 1709 739 edidisse
1725 677 1883 740 traditur
1892 678 1925 757 ¹).

187 808 295 871 Cuius
318 830 423 873 curae
446 829 510 873 nos
532 811 789 892 pretiosissima
812 826 1038 878 monumenta
1061 814 1316 897 antiquissimis
1332 814 1531 877 Bavaricae
1555 815 1675 898 gentis
1698 816 1926 897 temporibus

189 949 386 1030 composita
408 950 588 1031 debemus,
605 971 697 1032 quae
716 953 955 1038 ,Congestum
973 975 1036 1018 seu
1051 955 1230 1018 Indieulus
1248 955 1422 1019 Arnonis“
1440 959 1462 1036 2)
1488 966 1523 1019 et
1542 956 1700 1039 „Breves
1715 956 1923 1040 notitiae“³)

187 1088 434 1153 inscribuntur.
469 1088 628 1152 Alterius
652 1112 794 1174 quoque
818 1094 908 1176 libri,
932 1114 1002 1176 quo
1026 1073 1152 1156 foedus
1175 1093 1369 1157 fraternum
1390 1095 1642 1157 monachorum
1665 1096 1712 1157 ad
1729 1115 1757 1159 s.
1774 1095 1923 1158 Petrum

188 1226 403 1309 continetur,
431 1226 543 1310 prima
568 1229 755 1312 dispositio
779 1232 883 1296 huius
906 1233 1091 1296 celsissimi
1118 1232 1200 1315 viri,
1231 1232 1334 1314 primi
1359 1233 1620 1315 archiepiscopi
1644 1234 1768 1296 sedem
1792 1253 1820 1297 s.
1845 1235 1922 1298 Ru·

186 1363 279 1442 perti
301 1367 465 1448 tenentis,
488 1369 620 1449 repetit
643 1380 798 1433 aetatem
813 1373 847 1452 ⁴).

314 1504 497 1569 Librorum
515 1518 632 1570 autem
649 1509 816 1593 ipsorum,
834 1530 923 1592 quos
936 1512 1035 1573 Arno
1051 1510 1222 1592 ediderat,
1243 1530 1368 1592 parum
1389 1511 1551 1574 relictum
1573 1521 1646 1586 est;
1671 1533 1754 1575 nam
1778 1525 1923 1596 praeter

186 1642 372 1724 epistolam
402 1648 447 1709 ad
476 1647 666 1712 Alcuinum
698 1651 816 1713 datam
849 1659 986 1713 tantum
1015 1651 1104 1713 haec
1134 1649 1336 1732 inscripti0,
1368 1670 1474 1732 quam
1506 1651 1583 1731 ipse
1614 1651 1782 1731 sepulcro
1814 1652 1921 1715 incidi

186 1781 347 1866 iusserat,
372 1796 508 1849 exstat:

602 1897 758 1971 „Quisque
781 1897 856 1953 velis
880 1897 1023 1971 scriptam
1047 1893 1215 1953 subsistens
1240 1914 1332 1953 nosse
1355 1899 1463 1965 viator,

598 2008 693 2077 Scito,
718 2010 799 2085 quod
824 2011 881 2085 ipsi
905 2009 973 2064 mihi
998 2010 1083 2065 vivus
1108 2008 1184 2064 hanc
1207 2008 1291 2065 Arno
1315 2011 1430 2084 peregi,

601 2122 660 2192 Qui
685 2122 799 2178 sueram
823 2135 935 2187 rector,
959 2123 1129 2196 praesentis
1152 2122 1298 2195 regimine
1321 2121 1412 2191 sedis,

600 2235 645 2292 Ac
669 2233 778 2311 opibus
802 2233 902 2289 multis
925 2232 1080 2309 multoque
1102 2235 1217 2308 potitur
1239 2233 1364 2290 honore.

598 2350 683 2404 Nunc
706 2348 754 2404 hic
776 2347 894 2404 amissis
918 2347 1034 2404 cunctis
1058 2364 1124 2402 mea
1146 2344 1280 2402 membra
1303 2349 1472 2420 quiescunt.

599 2462 646 2518 Te
669 2480 746 2535 rogo
770 2478 848 2516 nunc
872 2460 1031 2516 Dominum
1055 2455 1198 2534 precibus
1220 2458 1342 2534 pulsare
1366 2475 1525 2527 mement0,

600 2576 638 2633 Ut
662 2576 730 2631 mihi
754 2574 805 2630 det
828 2574 945 2629 veniam
970 2572 1128 2640 scelerum,
1153 2590 1351 2647 quaecunque
1375 2575 1502 2646 patravi,

599 2688 756 2758 Quatenus
779 2701 933 2742 aeternam
958 2704 1074 2742 merear
1097 2684 1233 2741 habitare
1256 2682 1453 2760 quietem“⁵).

319 2857 420 2940 Quod
452 2859 647 2923 litterarum
680 2859 835 2922 studium
867 2857 973 2920 etiam
1005 2867 1143 2921 mortuo
1167 2857 1312 2920 Arnone
1343 2877 1436 2920 anno
1466 2860 1525 2919 821
1559 2857 1595 2919 in
1627 2859 1845 2922 monasterio
1878 2862 1924 2923 ad

187 3019 213 3062 s.
230 2999 385 3079 Petrum,
409 2997 568 3061 adiutum
592 3007 628 3060 et
652 3008 794 3060 auctum
818 3016 883 3078 per
905 2998 1057 3059 abbates
1086 3005 1121 3058 et
1149 2995 1437 3078 archiepiscopos
1462 2997 1693 3059 Adalramum
1723 2999 1923 3079 (ΒΗ-830)

186 3148 222 3202 et
244 3137 496 3219 Liuphramum
520 3137 715 3219 (836-859)
740 3135 944 3218 permansit.
992 3133 1164 3216 Operum,
1195 3154 1286 3216 quae
1319 3145 1493 3216 regnante
1521 3137 1716 3199 Adalramo
1748 3156 1767 3199 e
1800 3138 1925 3201 schola

185 3277 270 3341 artis
295 3274 473 3340 scribendi
494 3294 601 3337 causa
617 3273 780 3337 instituta
796 3272 959 3355 profecta
974 3283 1065 3354 sunt,
1090 3272 1229 3355 integer
1252 3285 1415 3336 servatus
1433 3284 1487 3337 est
1503 3274 1603 3355 liber,
1621 3274 1681 3356 qui
1697 3274 1923 3340 inscribitur:

187 3416 331 3499 „Sermo
363 3437 389 3480 s.
415 3414 609 3498 Augustini
642 3414 686 3476 de
718 3413 880 3495 symbolo
914 3423 1037 3474 contra
1063 3411 1248 3493 Iudaeos“,
1280 3412 1339 3493 qui
1369 3415 1415 3475 ab
1444 3414 1637 3477 Adalramo
1669 3414 1789 3478 iuveni
1821 3415 1925 3499 regio

184 3571 311 3643 postea
335 3557 411 3639 regi
436 3554 618 3619 Ludovico
642 3551 820 3615 Germano
846 3554 994 3633 (mortuo
1019 3554 1092 3632 875)
1118 3552 1302 3614 dedicatus
1326 3563 1381 3614 est
1403 3552 1500 3615 hisce
1524 3553 1705 3615 versibus:

656 3713 799 3788 „Accipe
825 3730 939 3768 summe
962 3730 1047 3786 puer,
1071 3729 1197 3787 parvum
1220 3712 1389 3769 Hludovice
1413 3712 1554 3780 libellum,

652 3825 749 3895 Quem
773 3823 826 3880 tibi
851 3825 979 3880 devotus
1003 3824 1111 3900 optulit
1135 3844 1172 3880 cn
1195 3824 1322 3881 famulus

652 3936 775 3994 Scilicet
797 3936 937 4011 indignus
961 3937 1137 3993 luvavensis
1160 3950 1267 4012 pastor
1289 3938 1377 3994 ovilis

653 4052 759 4106 Dictus
782 4048 961 4105 Adalramus
985 4048 1122 4105 servulus
1146 4050 1211 4124 ipse
1235 4052 1333 4118 tuus,“

187 4216 223 4270 et
251 4207 408 4288 inpuris
439 4204 534 4267 foliis
565 4204 750 4287 pulchrum
783 4222 924 4265 carmen
948 4200 1215 4283 Germanicum,
1248 4221 1317 4283 quo
1346 4203 1464 4285 agitur
1492 4204 1536 4265 de
1565 4212 1738 4266 terrarum
1767 4205 1927 4269 omnium

186 4344 441 4427 deflagratione
467 4343 661 4424 (Muspilli),
684 4340 834 4405 forsitan
857 4341 1029 4404 Ludovici
1053 4361 1158 4403 manu
1183 4341 1353 4422 scriptum
1377 4341 1535 4405 continet
1549 4341 1584 4421 ⁶).

316 4633 336 4713 ι)
360 4636 447 4691 l'ertz
470 4635 487 4690 Ι.
514 4653 539 4690 c.
565 4653 605 4689 ss.
630 4633 681 4688 IX.
714 4631 748 4687 In
776 4632 821 4686 his
845 4644 908 4686 erat
933 4632 1021 4685 etiam
1045 4629 1120 4687 liber
1144 4630 1336 4686 formularum
1362 4631 1408 4687 ed.
1433 4631 1609 4705 Rockinger
1631 4633 1677 4687 in:
1710 4630 1842 4700 Quellen
1873 4655 1929 4692 zur

184 4749 259 4808 bair.
285 4748 469 4805 Geschichte
492 4745 557 4803 VII.

315 4859 336 4941 2)
360 4862 416 4917 Est
439 4856 548 4915 tabulis
572 4857 687 4913 firmata
711 4857 894 4930 conscriptio
917 4854 1064 4911 bonorum
1089 4856 1296 4930 temporalium
1318 4854 1486 4932 Salisburgi
1511 4870 1660 4932 concepta
1683 4870 1834 4934 tempore,
1860 4879 1926 4937 quo

185 4976 312 5033 Carolus
336 4974 514 5031 Raovarium
538 4969 594 5027 sibi
620 4967 741 5043 subegit
764 4964 867 5045 (edidit
890 4965 1005 5043 Kainz).

312 5085 336 5164 ³)
360 5087 407 5142 ed.
432 5087 535 5142 Kainz.

315 5198 336 5277 ⁴)
361 5199 407 5254 ed.
432 5199 573 5254 Karaian.

314 5318 325 5357 ⁵
360 5312 431 5367 Folz
455 5311 473 5367 l.
499 5331 524 5368 c.

313 5309 337 5504 ⁶3
352 5422 630 5500 Sitzungsberichtc
646 5423 674 5478 d.
692 5422 720 5478 k.
736 5421 765 5478 k.
779 5420 876 5477 Akad.
893 5419 1193 5477 d.Wisscnschasten
1210 5422 1238 5475 in
1251 5420 1350 5501 Wien,
1368 5420 1524 5496 phil-hist.
1542 5419 1586 5476 Cl.
1603 5421 1699 5488 XXII,
1720 5435 1750 5478 et
1769 5423 1794 5479 F
1797 5422 1845 5479 olz
1862 5424 1881 5480 l.
1895 5444 1924 5483 c.
