4252 6112
918 469 1201 556 ..148-

192 690 321 752 magna
338 670 575 732 circumdatus
588 670 930 752 consanguineorum
942 690 1022 733 suo·

190 814 266 856 rum
279 813 410 856 corona
421 792 595 874 primitias
604 793 799 855 celebravit
811 802 847 855 et
859 793 1022 874 sequenti

190 918 237 979 ad
259 916 535 979 continuandum
554 916 709 978 studium
726 916 928 999 theologiae
949 936 1022 979 mo·

190 1037 274 1100 ralis
291 1037 440 1100 mittitur
456 1037 644 1119 Braunam,
666 1037 786 1119 ibique
806 1057 871 1119 per
891 1058 1021 1101 annum

191 1168 427 1223 commoratus
452 1168 517 1223 est.
551 1159 686 1221 Redux
709 1160 885 1242 portarius
909 1169 945 1222 et
967 1179 1021 1222 re·

189 1282 400 1346 fectorarius
419 1281 460 1345 fit
478 1302 544 1344 nec
560 1301 630 1344 non
646 1282 805 1364 sacrista,
826 1302 919 1344 anno
934 1301 1020 1344 vero

192 1426 243 1468 20.
260 1406 346 1467 Dec.
373 1424 454 1484 1774
475 1403 639 1485 subprior
659 1404 794 1485 domuS,
810 1424 832 1467 a
853 1423 923 1485 quo
947 1423 1021 1466 mu-

190 1547 275 1590 nere
290 1548 337 1590 12.
348 1526 437 1590 Nov.
453 1545 532 1606 1779
545 1526 729 1588 absolutus
741 1524 808 1587 fuit
820 1527 866 1588 ob
878 1524 1020 1588 nimiam

190 1669 290 1713 suam
306 1649 511 1725 bonitatem.
533 1649 604 1710 Per
616 1649 803 1743 decursum
815 1648 918 1710 huius
934 1657 1021 1710 tem·

189 1771 287 1855 poris
303 1769 439 1834 iteratis
454 1770 589 1832 vicibus
606 1769 640 1831 in
658 1769 774 1831 causis
790 1768 1021 1832 familiaribus

190 1894 226 1956 in
248 1893 432 1956 Austriam
456 1891 637 1973 profectus
661 1901 717 1954 est
740 1901 875 1955 etcum
897 1892 1021 1955 nobili·

190 2018 257 2078 bus
272 2015 375 2077 istius
388 2014 593 2096 provinciae
606 2013 775 2095 frequens
790 2013 1020 2095 epistularum

192 2137 440 2200 commercium
456 2136 686 2218 continuavit,
704 2156 774 2217 quo
786 2135 893 2199 variis
909 2136 945 2200 in
961 2156 1020 2199 ne·

190 2259 298 2343 gotiis
320 2258 439 2321 domui
463 2268 606 2321 nostrae
628 2257 760 2339 optime
780 2257 1021 2340 prospicieba-

191 2391 258 2446 tur.
283 2381 516 2444 Constituitur
537 2400 629 2443 anno
650 2400 731 2460 1779
751 2381 798 2442 ad
817 2379 923 2443 finem
943 2400 1021 2443 ver·

191 2512 300 2587 gente
317 2503 454 2566 culinae
469 2501 682 2584 praefectus,
699 2505 779 2580 1783
792 2521 878 2565 vero
894 2503 1021 2564 iterato

190 2624 356 2708 subprior
383 2636 419 2687 et
444 2625 585 2686 demum
613 2628 692 2703 1788
717 2625 813 2705 prior
835 2632 918 2705 post
937 2624 1022 2687 Ale·

190 2748 298 2828 xium,
321 2748 416 2829 quod
432 2766 557 2809 munus
573 2765 686 2828 usque
708 2751 785 2809 1805
804 2747 927 2809 sedulo
948 2746 1023 2808 obi-

191 2869 244 2932 vit
260 2888 389 2932 amore.
414 2869 474 2931 Ad
495 2888 577 2930 suas
593 2887 720 2950 preces
736 2869 783 2930 ad
797 2866 904 2931 finem
919 2868 1022 2931 huius

192 3012 213 3055 a
239 2991 398 3074 prioratu
425 2991 623 3072 absolutus,
651 2989 870 3071 provisorem
898 2991 1022 3053 domus

192 3114 277 3198 egit,
295 3132 407 3194 usque
420 3113 466 3174 ad
480 3117 571 3194 1809,
581 3132 650 3194 quo
663 3111 755 3175 febri
768 3112 1023 3176 intermittente

191 3245 378 3335 correptus
394 3235 523 3297 aetatis
539 3255 625 3297 suae
642 3255 735 3298 anno
753 3239 791 3298 65
814 3235 907 3298 diem
928 3235 1023 3298 clau·

192 3359 239 3423 sit
259 3377 460 3440 supremum
476 3379 506 3435 4.
520 3355 620 3439 Sept.
638 3367 673 3419 et
689 3377 711 3420 a
726 3357 843 3439 priore
859 3366 882 3419 t.
896 3365 921 3422 t.
935 3355 1023 3420 Gre-

191 3482 293 3566 gorio
321 3481 507 3562 Sazavsky
534 3480 581 3542 ad
611 3499 638 3543 S.
666 3499 806 3542 crucem
833 3478 1023 3563 Raigradii

192 3605 355 3686 sepultus
371 3602 447 3666 fuit.

279 3726 388 3788 Manu
397 3723 541 3808 propria
554 3724 792 3805 conscriptum
802 3725 945 3806 reliquit
954 3725 1023 3788 Bo·

192 3858 390 3912 naventura
406 3858 526 3910 noster
542 3866 633 3927 opus
649 3848 744 3928 quod
761 3846 979 3910 inscribitur:

279 3976 302 4030 Ι.
326 3975 462 4030 Novitius
482 3973 921 4048 Benedictino·Raigradiensis
944 3993 971 4031 a.
994 3994 1023 4050 p.

194 4081 338 4154 magistro
355 4078 502 4153 spirituali
520 4077 707 4144 informatus,
729 4080 864 4134 nimirum
882 4078 1025 4153 indignis·

193 4187 285 4240 simus
302 4181 337 4239 fr.
354 4183 428 4238 Bon.
445 4201 472 4239 a.
490 4201 556 4238 ven.
575 4202 604 4258 p.
617 4182 786 4238 Venceslao
803 4183 942 4239 Winkler
961 4185 1025 4239 eius

194 4288 339 4361 magistro
351 4304 430 4342 anno
449 4285 539 4358 1761.
553 4284 628 4343 Cod.
643 4305 713 4361 pap.
727 4288 756 4341 in
769 4286 873 4344 crudo.
887 4288 963 4343 Msn.
973 4303 1025 4361 49.

194 4391 279 4467 Sign.
303 4393 380 4467 BJK.
405 4391 443 4446 11.
466 4400 495 4447 ³.
525 4406 572 4457 11,
597 4391 662 4447 sine
687 4409 756 4467 pag.
786 4391 820 4446 In
844 4389 1027 4448 bibliotheca

194 4509 298 4553 nostra
313 4495 513 4552 adservatum.

281 4601 319 4657 Il.
334 4599 538 4657 Protocollum
552 4601 705 4675 prioratus
723 4613 861 4676 tempore
878 4601 964 4657 huius
982 4603 1026 4657 sui

194 4706 286 4763 officii
311 4705 496 4761 continuavit
520 4704 602 4779 quod
625 4703 692 4761 fons
712 4706 858 4780 genuinus
882 4704 1028 4762 historiae

193 4811 379 4868 domesticae
403 4807 460 4865 sub
484 4810 517 4865 F.
547 4824 593 4865 11.
616 4827 644 4865 a.
666 4824 695 4883 5.
721 4812 751 4867 in
773 4809 897 4867 archivo
921 4824 1026 4867 nostro

196 4918 355 4973 invenitur.

283 5060 513 5155 Grueniger
543 5072 832 5154 Augustinus
869 5072 1025 5156 (Muro-

197 5186 465 5270 Griesensis),
490 5190 671 5272 ingressus
695 5199 750 5253 est
773 5192 808 5253 in
833 5192 943 5255 vitam
968 5193 1024 5256 die

203 5328 248 5369 12.
264 5308 351 5372 Dec.
373 5315 453 5389 1824
471 5313 683 5375 Altendorfii
705 5313 738 5375 in
756 5312 912 5377 Suitensi
928 5334 1025 5398 pago

198 5428 396 5513 Helvetiae,
413 5433 583 5515 religione
599 5444 761 5498 votorum
777 5454 816 5497 se
834 5436 1026 5499 obstrinxit

1103 669 1218 733 Griesi
1246 670 1303 733 die
1331 675 1360 733 8.
1384 670 1459 734 Iun.
1489 674 1578 752 1848,
1605 671 1698 733 inter
1724 671 1935 733 sacerdotes

1102 802 1290 875 cooptatus
1310 794 1368 856 die
1389 815 1440 872 24.
1456 793 1560 856 Mart.
1582 798 1672 873 1849.
1697 793 1767 855 Per
1787 801 1936 874 septen-

1101 914 1196 978 nium
1212 915 1393 998 professor
1413 916 1448 978 in
1470 916 1621 999 collegio
1638 915 1807 980 Sarnensi
1828 935 1935 978 revo-

1101 1046 1201 1100 catur
1217 1038 1252 1099 in
1267 1038 1518 1101 monasterium
1539 1040 1585 1101 ad
1602 1039 1799 1102 docendam
1819 1038 1936 1121 philo·

1101 1159 1262 1240 sophiam
1286 1169 1322 1221 et
1341 1159 1532 1241 historiam,
1554 1159 1636 1223 dein
1657 1179 1778 1223 curam
1798 1159 1936 1223 anima·

1100 1301 1177 1344 rum
1192 1280 1227 1343 in
1240 1281 1408 1361 parochia
1420 1281 1576 1364 Marling
1587 1290 1733 1344 exercet
1745 1291 1782 1343 et
1793 1300 1936 1344 rursum

1100 1422 1166 1483 per
1180 1402 1368 1466 triennium
1385 1403 1421 1466 in
1437 1404 1610 1466 coenobio
1626 1422 1771 1466 munere
1786 1403 1936 1467 lectoris

1101 1534 1138 1587 et
1161 1525 1355 1607 subprioris
1378 1525 1612 1609 perfungitur.
1641 1527 1767 1590 Rediit
1792 1531 1875 1589 1863
1899 1526 1937 1589 in

1100 1648 1313 1729 Helvetiam,
1323 1648 1383 1710 ubi
1396 1651 1463 1710 sub
1473 1649 1551 1730 ipso
1561 1658 1699 1712 rectore
1707 1649 1937 1731 gymnasium

1101 1768 1279 1833 Samense
1291 1771 1404 1832 maius
1416 1771 1452 1832 in
1465 1770 1542 1833 dies
1557 1770 1814 1835 incrementum
1827 1772 1935 1853 cepit,

1101 1892 1310 1973 praesertim
1327 1902 1517 1974 postquam
1533 1913 1598 1956 sua
1614 1893 1787 1958 industria
1808 1905 1846 1958 et
1863 1916 1937 1958 ma·

1100 2012 1196 2075 ximo
1212 2014 1333 2077 labore
1350 2035 1480 2077 novum
1497 2025 1533 2078 et
1549 2036 1715 2099 magnum
1732 2016 1936 2081 aedificium

1101 2153 1166 2216 pro
1197 2134 1468 2199 conviventibus
1494 2137 1663 2200 studiosis
1695 2148 1935 2203 exstruxerat

1101 2254 1224 2319 Curat:

1187 2384 1210 2439 1.
1220 2384 1395 2441 Relationes
1404 2404 1518 2442 annuas
1532 2388 1597 2442 sive
1604 2386 1853 2462 Jahresberichte
1862 2389 1937 2447 tiber

1102 2487 1150 2544 die
1166 2487 1530 2545 Cantonal·Lehranstalt
1551 2492 1579 2545 in
1601 2488 1727 2558 Samen,
1754 2491 1934 2565 1864—80.

1188 2609 1225 2667 Il.
1244 2608 1345 2667 Ueber
1358 2610 1660 2687 Charakterbildung.
1678 2610 1747 2690 (ie.
1766 2615 1813 2671 De
1827 2616 1936 2685 indolis

1102 2716 1191 2770 animi
1204 2716 1376 2790 ingeniique
1389 2713 1590 2794 formatione.)
1605 2718 1780 2791 Programm
1789 2721 1935 2796 zumJah·

1102 2817 1272 2876 resbericht
1292 2817 1382 2892 1877.
1399 2818 1516 2876 Samen
1532 2839 1582 2896 ap.
1599 2821 1622 2877 Ι.
1639 2822 1755 2878 Mitller.
1779 2829 1822 2896 4⁰.
1851 2839 1887 2898 15
1906 2846 1934 2902 p.

1190 2981 1424 3077 Griininger
1446 2994 1695 3060 Franciscus
1717 2998 1934 3063 Xaverius

1104 3108 1465 3194 (San-Paulanus)‚
1490 3122 1595 3176 natus
1619 3116 1732 3179 estin
1752 3115 1935 3201 Villingen

1102 3231 1137 3293 in
1150 3252 1280 3316 magno
1293 3234 1424 3296 ducatu
1437 3234 1593 3297 Badensi
1607 3235 1663 3298 die
1682 3257 1706 3300 1.
1716 3237 1821 3301 Febr.
1839 3258 1934 3319 ¹7903

1102 3374 1129 3417 s.
1146 3354 1270 3417 habitu
1285 3355 1429 3418 indutus
1442 3357 1499 3419 die
1513 3362 1563 3420 28.
1576 3359 1663 3421 Dec.
1682 3364 1777 3439 1807;
1795 3362 1935 3425 sollem-

1102 3475 1194 3539 niter
1216 3476 1398 3557 professus
1426 3479 1483 3541 die
1506 3485 1536 3542 3.
1560 3479 1665 3543 Mart.
1695 3487 1790 3556 1811;
1818 3504 1935 3548 sacer·

1103 3599 1200 3661 dotio
1221 3598 1379 3663 initiatus
1401 3600 1458 3663 die
1479 3607 1526 3665 13.
1539 3600 1638 3684 Sept.
1660 3608 1751 3666 1812.
1776 3604 1936 3669 Philoso-

1103 3720 1209 3802 phiae
1233 3731 1268 3784 et
1291 3723 1493 3806 theologiae
1520 3724 1638 3788 studio
1665 3728 1712 3788 ad
1735 3746 1761 3789 s.
1785 3727 1935 3791 Paulum

1103 3846 1271 3926 vacabat,
1299 3865 1369 3926 quo
1396 3847 1560 3909 absoluto
1588 3847 1739 3928 primum
1767 3848 1936 3912 fratribus

1105 3966 1242 4028 clericis
1272 3966 1453 4030 historiam
1488 3969 1724 4032 universalem
1759 3973 1936 4052 tradebat,

1105 4109 1188 4152 mox
1204 4099 1323 4153 autem
1338 4089 1520 4171 professor
1532 4093 1709 4173 gymnasii
1723 4095 1937 4158 constitutus

1106 4211 1141 4274 in
1172 4212 1345 4274 classibus
1372 4213 1696 4295 grammaticalibus
1728 4227 1803 4278 tum
1835 4219 1883 4280 ad
1910 4239 1936 4280 s

1106 4334 1265 4416 Paulum,
1283 4344 1356 4397 tum
1370 4333 1592 4416 Clagenfurti
1608 4337 1755 4399 iuvenes
1770 4339 1808 4401 in
1824 4340 1938 4402 scien·

1107 4457 1165 4519 tiis
1178 4466 1214 4519 et
1226 4457 1381 4520 moribus
1394 4458 1527 4539 optime
1540 4457 1766 4533 informabat;
1784 4462 1831 4522 ab
1845 4480 1938 4524 anno

1111 4583 1187 4641 1821
1204 4589 1322 4642 autem
1335 4579 1516 4660 professor
1527 4580 1618 4664 lycei
1629 4579 1938 4664 Clagenfurtensis

1106 4702 1274 4765 studiosis
1290 4702 1472 4765 historiam
1489 4702 1723 4765 universalem
1746 4707 1940 4788 enarravit,

1106 4834 1143 4888 et
1152 4825 1318 4906 antiquos
1327 4834 1492 4886 auctores
1501 4823 1669 4887 classicos
1682 4825 1941 4908 interpretatus

1106 4957 1170 5011 est.
1199 4947 1436 5029 Antiquitatis
1461 4947 1565 5009 etiam
1589 4945 1792 5011 Carinthiae
1813 4950 1941 5031 explo-

1105 5081 1201 5132 rator
1214 5079 1290 5132 erat
1303 5089 1418 5152 sagax
1431 5079 1467 5132 et
1476 5069 1642 5152 diligens;
1656 5071 1827 5154 magister
1837 5074 1941 5137 suavi

1106 5202 1142 5256 et
1156 5191 1288 5255 fluente
1305 5193 1446 5254 dicendi
1462 5212 1593 5276 genere
1610 5213 1706 5275 usuS,
1722 5195 1940 5261 liberalitate

1106 5324 1142 5377 et
1157 5313 1319 5376 familiari
1332 5315 1602 5378 conversatione
1619 5317 1755 5379 animos
1771 5317 1941 5382 iuvenum

1104 5436 1239 5520 fingere
1270 5439 1452 5510 studebat;
1485 5457 1594 5520 quare
1622 5439 1669 5500 ab
1696 5438 1764 5500 illis
1791 5440 1942 5503 multum
