<?xml version="1.0" encoding="UTF-8"?>
<!DOCTYPE html PUBLIC "-//W3C//DTD XHTML 1.0 Transitional//EN"
    "http://www.w3.org/TR/xhtml1/DTD/xhtml1-transitional.dtd">
<html xmlns="http://www.w3.org/1999/xhtml" xml:lang="en" lang="en">
 <head>
  <title>
</title>
<meta http-equiv="Content-Type" content="text/html;charset=utf-8" />
  <meta name='ocr-system' content='tesseract 3.04.00' />
  <meta name='ocr-capabilities' content='ocr_page ocr_carea ocr_par ocr_line ocrx_word'/>
</head>
<body>
  <div class='ocr_page' id='page_1' title='image "./scriptoresordin01austgoog_0035.png"; bbox 0 0 4222 6106; ppageno 0'>
   <div class='ocr_carea' id='block_1_1' title="bbox 906 481 1217 545">
    <p class='ocr_par' dir='ltr' id='par_1_1' title="bbox 906 481 1217 545">
     <span class='ocr_line' id='line_1_1' title="bbox 906 481 1217 545; baseline 0.006 -2"><span class='ocrx_word' id='word_1_1' title='bbox 906 513 951 523; x_wconf 88' lang='lat'>—</span> <span class='ocrx_word' id='word_1_2' title='bbox 997 481 1131 545; x_wconf 88' lang='lat' dir='ltr'>XXIV</span> <span class='ocrx_word' id='word_1_3' title='bbox 1175 520 1217 529; x_wconf 95' lang='lat'>-</span> 
     </span>
    </p>
   </div>
   <div class='ocr_carea' id='block_1_2' title="bbox 184 667 1936 2861">
    <p class='ocr_par' dir='ltr' id='par_1_2' title="bbox 184 667 1936 1616">
     <span class='ocr_line' id='line_1_2' title="bbox 184 667 1936 788; baseline 0.015 -44"><span class='ocrx_word' id='word_1_4' title='bbox 184 679 218 742; x_wconf 92' lang='lat' dir='ltr'>b.</span> <span class='ocrx_word' id='word_1_5' title='bbox 244 684 383 753; x_wconf 86' lang='lat' dir='ltr'>Mariae</span> <span class='ocrx_word' id='word_1_6' title='bbox 412 695 456 755; x_wconf 87' lang='lat' dir='ltr'>de</span> <span class='ocrx_word' id='word_1_7' title='bbox 484 694 668 781; x_wconf 89' lang='lat' dir='ltr'>Pankota,</span> <span class='ocrx_word' id='word_1_8' title='bbox 699 701 844 764; x_wconf 81' lang='lat' dir='ltr'><strong>abbatia</strong></span> <span class='ocrx_word' id='word_1_9' title='bbox 876 703 921 764; x_wconf 89' lang='lat' dir='ltr'>de</span> <span class='ocrx_word' id='word_1_10' title='bbox 955 667 1124 788; x_wconf 74' lang='lat' dir='ltr'>Magdcs,</span> <span class='ocrx_word' id='word_1_11' title='bbox 1157 727 1183 768; x_wconf 94' lang='lat' dir='ltr'>s.</span> <span class='ocrx_word' id='word_1_12' title='bbox 1208 707 1352 769; x_wconf 86' lang='lat' dir='ltr'>Martini</span> <span class='ocrx_word' id='word_1_13' title='bbox 1382 709 1427 769; x_wconf 92' lang='lat' dir='ltr'>de</span> <span class='ocrx_word' id='word_1_14' title='bbox 1451 707 1596 788; x_wconf 90' lang='lat' dir='ltr'>Vaska,</span> <span class='ocrx_word' id='word_1_15' title='bbox 1627 726 1654 770; x_wconf 92' lang='lat' dir='ltr'>s.</span> <span class='ocrx_word' id='word_1_16' title='bbox 1686 709 1801 770; x_wconf 90' lang='lat' dir='ltr'>crucis</span> <span class='ocrx_word' id='word_1_17' title='bbox 1833 709 1936 771; x_wconf 88' lang='lat' dir='ltr'>iuxta</span> 
     </span>
     <span class='ocr_line' id='line_1_3' title="bbox 185 814 1934 928; baseline 0.017 -49"><span class='ocrx_word' id='word_1_18' title='bbox 185 814 358 908; x_wconf 86' lang='lat' dir='ltr'>Granum,</span> <span class='ocrx_word' id='word_1_19' title='bbox 382 832 416 892; x_wconf 94' lang='lat' dir='ltr'>b.</span> <span class='ocrx_word' id='word_1_20' title='bbox 440 832 575 895; x_wconf 88' lang='lat' dir='ltr'>Mariae</span> <span class='ocrx_word' id='word_1_21' title='bbox 599 837 634 899; x_wconf 94' lang='lat' dir='ltr'>in</span> <span class='ocrx_word' id='word_1_22' title='bbox 660 838 805 923; x_wconf 88' lang='lat' dir='ltr'>Campo,</span> <span class='ocrx_word' id='word_1_23' title='bbox 828 841 863 903; x_wconf 94' lang='lat' dir='ltr'>b.</span> <span class='ocrx_word' id='word_1_24' title='bbox 887 840 1025 907; x_wconf 88' lang='lat' dir='ltr'>Mariae</span> <span class='ocrx_word' id='word_1_25' title='bbox 1050 846 1094 907; x_wconf 92' lang='lat' dir='ltr'>de</span> <span class='ocrx_word' id='word_1_26' title='bbox 1118 845 1241 927; x_wconf 74' lang='lat' dir='ltr'>Ivany,</span> <span class='ocrx_word' id='word_1_27' title='bbox 1265 847 1298 908; x_wconf 93' lang='lat' dir='ltr'>b.</span> <span class='ocrx_word' id='word_1_28' title='bbox 1323 845 1458 907; x_wconf 88' lang='lat' dir='ltr'>Mariae</span> <span class='ocrx_word' id='word_1_29' title='bbox 1482 847 1527 907; x_wconf 92' lang='lat' dir='ltr'>de</span> <span class='ocrx_word' id='word_1_30' title='bbox 1552 845 1722 928; x_wconf 89' lang='lat' dir='ltr'>Rakony,</span> <span class='ocrx_word' id='word_1_31' title='bbox 1745 847 1779 907; x_wconf 95' lang='lat' dir='ltr'>b.</span> <span class='ocrx_word' id='word_1_32' title='bbox 1797 845 1934 909; x_wconf 90' lang='lat' dir='ltr'>Mariae</span> 
     </span>
     <span class='ocr_line' id='line_1_4' title="bbox 186 957 1934 1066; baseline 0.017 -49"><span class='ocrx_word' id='word_1_33' title='bbox 186 957 231 1018; x_wconf 92' lang='lat' dir='ltr'>de</span> <span class='ocrx_word' id='word_1_34' title='bbox 256 959 382 1049; x_wconf 84' lang='lat' dir='ltr'>Gagy,</span> <span class='ocrx_word' id='word_1_35' title='bbox 415 972 449 1034; x_wconf 91' lang='lat' dir='ltr'>b.</span> <span class='ocrx_word' id='word_1_36' title='bbox 472 971 610 1036; x_wconf 89' lang='lat' dir='ltr'>Mariae</span> <span class='ocrx_word' id='word_1_37' title='bbox 639 979 684 1041; x_wconf 90' lang='lat' dir='ltr'>de</span> <span class='ocrx_word' id='word_1_38' title='bbox 709 980 915 1062; x_wconf 76' lang='lat' dir='ltr'>Zebegeny,</span> <span class='ocrx_word' id='word_1_39' title='bbox 949 985 983 1045; x_wconf 92' lang='lat' dir='ltr'>b.</span> <span class='ocrx_word' id='word_1_40' title='bbox 1012 984 1149 1046; x_wconf 91' lang='lat' dir='ltr'>Mariae</span> <span class='ocrx_word' id='word_1_41' title='bbox 1181 985 1225 1045; x_wconf 90' lang='lat' dir='ltr'>de</span> <span class='ocrx_word' id='word_1_42' title='bbox 1248 984 1425 1066; x_wconf 89' lang='lat' dir='ltr'>Tereske,</span> <span class='ocrx_word' id='word_1_43' title='bbox 1456 1005 1483 1046; x_wconf 90' lang='lat' dir='ltr'>s.</span> <span class='ocrx_word' id='word_1_44' title='bbox 1516 984 1663 1065; x_wconf 90' lang='lat' dir='ltr'>spiritus</span> <span class='ocrx_word' id='word_1_45' title='bbox 1695 985 1739 1046; x_wconf 89' lang='lat' dir='ltr'>de</span> <span class='ocrx_word' id='word_1_46' title='bbox 1772 984 1934 1066; x_wconf 83' lang='lat' dir='ltr'>Hrabkd,</span> 
     </span>
     <span class='ocr_line' id='line_1_5' title="bbox 187 1096 1933 1204; baseline 0.015 -47"><span class='ocrx_word' id='word_1_47' title='bbox 187 1117 213 1158; x_wconf 92' lang='grc'>5.</span> <span class='ocrx_word' id='word_1_48' title='bbox 238 1096 420 1172; x_wconf 86' lang='lat' dir='ltr'>Gabrielis</span> <span class='ocrx_word' id='word_1_49' title='bbox 448 1113 493 1174; x_wconf 90' lang='lat' dir='ltr'>de</span> <span class='ocrx_word' id='word_1_50' title='bbox 522 1113 769 1202; x_wconf 83' lang='lat' dir='ltr'>Mezbtelegd,</span> <span class='ocrx_word' id='word_1_51' title='bbox 799 1139 826 1181; x_wconf 93' lang='lat' dir='ltr'>s.</span> <span class='ocrx_word' id='word_1_52' title='bbox 859 1120 957 1183; x_wconf 91' lang='lat' dir='ltr'>Petri</span> <span class='ocrx_word' id='word_1_53' title='bbox 991 1122 1158 1204; x_wconf 88' lang='lat' dir='ltr'>Apostoli</span> <span class='ocrx_word' id='word_1_54' title='bbox 1190 1123 1234 1184; x_wconf 91' lang='lat' dir='ltr'>de</span> <span class='ocrx_word' id='word_1_55' title='bbox 1264 1122 1390 1200; x_wconf 81' lang='lat' dir='ltr'>Petdr,</span> <span class='ocrx_word' id='word_1_56' title='bbox 1422 1141 1450 1184; x_wconf 89' lang='lat' dir='ltr'>s.</span> <span class='ocrx_word' id='word_1_57' title='bbox 1474 1121 1727 1203; x_wconf 87' lang='lat' dir='ltr'>Margarethae</span> <span class='ocrx_word' id='word_1_58' title='bbox 1758 1124 1803 1184; x_wconf 92' lang='lat' dir='ltr'>de</span> <span class='ocrx_word' id='word_1_59' title='bbox 1832 1123 1933 1202; x_wconf 89' lang='lat' dir='ltr'>Bela,</span> 
     </span>
     <span class='ocr_line' id='line_1_6' title="bbox 187 1236 1935 1342; baseline 0.015 -46"><span class='ocrx_word' id='word_1_60' title='bbox 187 1238 221 1298; x_wconf 89' lang='lat' dir='ltr'>b.</span> <span class='ocrx_word' id='word_1_61' title='bbox 245 1236 383 1306; x_wconf 88' lang='lat' dir='ltr'>Mariae</span> <span class='ocrx_word' id='word_1_62' title='bbox 409 1250 665 1338; x_wconf 80' lang='grc' dir='ltr'>(1οΡ0105016,</span> <span class='ocrx_word' id='word_1_63' title='bbox 695 1279 721 1321; x_wconf 90' lang='lat' dir='ltr'>s.</span> <span class='ocrx_word' id='word_1_64' title='bbox 747 1258 893 1340; x_wconf 91' lang='lat' dir='ltr'>spiritus</span> <span class='ocrx_word' id='word_1_65' title='bbox 918 1260 1297 1338; x_wconf 82' lang='grc' dir='ltr'>6οΒ0111-Μο1105101,</span> <span class='ocrx_word' id='word_1_66' title='bbox 1329 1269 1435 1321; x_wconf 87' lang='lat' dir='ltr'>natae</span> <span class='ocrx_word' id='word_1_67' title='bbox 1468 1259 1614 1342; x_wconf 85' lang='lat' dir='ltr'>reginae</span> <span class='ocrx_word' id='word_1_68' title='bbox 1638 1261 1861 1342; x_wconf 88' lang='lat' dir='ltr'>Angelorum</span> <span class='ocrx_word' id='word_1_69' title='bbox 1890 1262 1935 1322; x_wconf 93' lang='lat' dir='ltr'>de</span> 
     </span>
     <span class='ocr_line' id='line_1_7' title="bbox 188 1375 1933 1478; baseline 0.006 -28"><span class='ocrx_word' id='word_1_70' title='bbox 188 1375 351 1461; x_wconf 71' lang='lat' dir='ltr'>P00251y‚</span> <span class='ocrx_word' id='word_1_71' title='bbox 384 1386 418 1449; x_wconf 89' lang='lat' dir='ltr'>b.</span> <span class='ocrx_word' id='word_1_72' title='bbox 443 1389 580 1453; x_wconf 89' lang='lat' dir='ltr'>Mariae</span> <span class='ocrx_word' id='word_1_73' title='bbox 606 1394 650 1456; x_wconf 93' lang='lat' dir='ltr'>de</span> <span class='ocrx_word' id='word_1_74' title='bbox 675 1396 871 1477; x_wconf 92' lang='lat' dir='ltr'>Monostor,</span> <span class='ocrx_word' id='word_1_75' title='bbox 904 1399 937 1460; x_wconf 93' lang='lat' dir='ltr'>b.</span> <span class='ocrx_word' id='word_1_76' title='bbox 962 1397 1098 1460; x_wconf 90' lang='lat' dir='ltr'>Mariae</span> <span class='ocrx_word' id='word_1_77' title='bbox 1123 1398 1167 1459; x_wconf 92' lang='lat' dir='ltr'>de</span> <span class='ocrx_word' id='word_1_78' title='bbox 1192 1397 1269 1476; x_wconf 83' lang='lat' dir='ltr'>Boi,</span> <span class='ocrx_word' id='word_1_79' title='bbox 1301 1417 1328 1459; x_wconf 90' lang='grc'>5.</span> <span class='ocrx_word' id='word_1_80' title='bbox 1352 1397 1496 1460; x_wconf 90' lang='lat' dir='ltr'>loannis</span> <span class='ocrx_word' id='word_1_81' title='bbox 1519 1397 1711 1478; x_wconf 82' lang='lat' dir='ltr'>Baptistae</span> <span class='ocrx_word' id='word_1_82' title='bbox 1735 1399 1779 1460; x_wconf 90' lang='lat' dir='ltr'>de</span> <span class='ocrx_word' id='word_1_83' title='bbox 1803 1398 1933 1478; x_wconf 74' lang='lat' dir='ltr'>lanosi,</span> 
     </span>
     <span class='ocr_line' id='line_1_8' title="bbox 189 1518 951 1616; baseline 0.022 -34"><span class='ocrx_word' id='word_1_84' title='bbox 189 1518 336 1582; x_wconf 85' lang='lat' dir='ltr'>abbatia</span> <span class='ocrx_word' id='word_1_85' title='bbox 360 1524 405 1586; x_wconf 91' lang='lat' dir='ltr'>de</span> <span class='ocrx_word' id='word_1_86' title='bbox 430 1526 563 1614; x_wconf 87' lang='lat' dir='ltr'>Graab,</span> <span class='ocrx_word' id='word_1_87' title='bbox 589 1535 736 1598; x_wconf 85' lang='lat' dir='ltr'>abbatia</span> <span class='ocrx_word' id='word_1_88' title='bbox 761 1536 805 1597; x_wconf 90' lang='lat' dir='ltr'>de</span> <span class='ocrx_word' id='word_1_89' title='bbox 831 1536 902 1597; x_wconf 88' lang='lat' dir='ltr'>Zek</span> <span class='ocrx_word' id='word_1_90' title='bbox 919 1537 951 1616; x_wconf 92' lang='lat'>¹).</span> 
     </span>
    </p>

    <p class='ocr_par' dir='ltr' id='par_1_3' title="bbox 190 1659 1935 2178">
     <span class='ocr_line' id='line_1_9' title="bbox 320 1659 1935 1757; baseline 0.009 -34"><span class='ocrx_word' id='word_1_91' title='bbox 320 1659 446 1744; x_wconf 85' lang='lat' dir='ltr'>Neque</span> <span class='ocrx_word' id='word_1_92' title='bbox 470 1669 696 1735; x_wconf 90' lang='lat' dir='ltr'>Benedictini</span> <span class='ocrx_word' id='word_1_93' title='bbox 720 1674 916 1757; x_wconf 87' lang='lat' dir='ltr'>Hungarici</span> <span class='ocrx_word' id='word_1_94' title='bbox 948 1673 1066 1737; x_wconf 85' lang='lat' dir='ltr'>officio</span> <span class='ocrx_word' id='word_1_95' title='bbox 1095 1693 1159 1735; x_wconf 91' lang='lat' dir='ltr'>suo</span> <span class='ocrx_word' id='word_1_96' title='bbox 1189 1673 1388 1736; x_wconf 85' lang='lat' dir='ltr'>defuerunt.</span> <span class='ocrx_word' id='word_1_97' title='bbox 1427 1672 1547 1737; x_wconf 88' lang='lat' dir='ltr'>Silvas</span> <span class='ocrx_word' id='word_1_98' title='bbox 1571 1675 1831 1756; x_wconf 86' lang='lat' dir='ltr'>exstirpabant,</span> <span class='ocrx_word' id='word_1_99' title='bbox 1855 1675 1935 1737; x_wconf 91' lang='lat' dir='ltr'>loca</span> 
     </span>
     <span class='ocr_line' id='line_1_10' title="bbox 190 1803 1933 1894; baseline 0.004 -27"><span class='ocrx_word' id='word_1_100' title='bbox 190 1803 332 1867; x_wconf 88' lang='lat' dir='ltr'>deserta</span> <span class='ocrx_word' id='word_1_101' title='bbox 349 1804 525 1889; x_wconf 88' lang='lat' dir='ltr'>colebant,</span> <span class='ocrx_word' id='word_1_102' title='bbox 550 1830 659 1892; x_wconf 88' lang='lat' dir='ltr'>opera</span> <span class='ocrx_word' id='word_1_103' title='bbox 681 1814 814 1876; x_wconf 90' lang='lat' dir='ltr'>rustica</span> <span class='ocrx_word' id='word_1_104' title='bbox 832 1815 1058 1876; x_wconf 84' lang='lat' dir='ltr'>exercebant.</span> <span class='ocrx_word' id='word_1_105' title='bbox 1091 1812 1209 1874; x_wconf 89' lang='lat' dir='ltr'>Recte</span> <span class='ocrx_word' id='word_1_106' title='bbox 1227 1812 1336 1894; x_wconf 87' lang='lat' dir='ltr'>igitur</span> <span class='ocrx_word' id='word_1_107' title='bbox 1352 1811 1604 1892; x_wconf 85' lang='lat' dir='ltr'>Hungarorum</span> <span class='ocrx_word' id='word_1_108' title='bbox 1622 1811 1775 1893; x_wconf 83' lang='lat' dir='ltr'>scriptor</span> <span class='ocrx_word' id='word_1_109' title='bbox 1790 1832 1933 1875; x_wconf 90' lang='lat' dir='ltr'>recens:</span> 
     </span>
     <span class='ocr_line' id='line_1_11' title="bbox 190 1942 1929 2033; baseline 0.002 -24"><span class='ocrx_word' id='word_1_110' title='bbox 190 1942 355 2009; x_wconf 90' lang='lat' dir='ltr'>Mindent</span> <span class='ocrx_word' id='word_1_111' title='bbox 379 1963 400 2005; x_wconf 87' lang='lat' dir='ltr'>a</span> <span class='ocrx_word' id='word_1_112' title='bbox 423 1947 487 2010; x_wconf 90' lang='lat' dir='ltr'>mit</span> <span class='ocrx_word' id='word_1_113' title='bbox 502 1948 642 2029; x_wconf 86' lang='lat' dir='ltr'>birunk,</span> <span class='ocrx_word' id='word_1_114' title='bbox 668 1951 792 2033; x_wconf 92' lang='lat' dir='ltr'>inquit,</span> <span class='ocrx_word' id='word_1_115' title='bbox 813 1952 1028 2014; x_wconf 89' lang='lat' dir='ltr'>szellemben</span> <span class='ocrx_word' id='word_1_116' title='bbox 1049 1952 1087 2013; x_wconf 83' lang='grc'>65</span> <span class='ocrx_word' id='word_1_117' title='bbox 1111 1951 1261 2032; x_wconf 88' lang='lat' dir='ltr'>iparban</span> <span class='ocrx_word' id='word_1_118' title='bbox 1285 1970 1307 2012; x_wconf 91' lang='lat' dir='ltr'>a</span> <span class='ocrx_word' id='word_1_119' title='bbox 1335 1950 1588 2030; x_wconf 87' lang='lat' dir='ltr'>pannonhalmi</span> <span class='ocrx_word' id='word_1_120' title='bbox 1611 1949 1779 2012; x_wconf 75' lang='lat' dir='ltr'>iskolatdl</span> <span class='ocrx_word' id='word_1_121' title='bbox 1801 1951 1929 2032; x_wconf 90' lang='lat' dir='ltr'>birjuk,</span> 
     </span>
     <span class='ocr_line' id='line_1_12' title="bbox 191 2081 909 2178; baseline 0 -27"><span class='ocrx_word' id='word_1_122' title='bbox 191 2085 286 2167; x_wconf 88' lang='lat' dir='ltr'>mely</span> <span class='ocrx_word' id='word_1_123' title='bbox 310 2081 582 2150; x_wconf 82' lang='lat' dir='ltr'>mindkettonek</span> <span class='ocrx_word' id='word_1_124' title='bbox 605 2089 761 2170; x_wconf 78' lang='lat' dir='ltr'>bdlcsbje</span> <span class='ocrx_word' id='word_1_125' title='bbox 785 2090 860 2178; x_wconf 88' lang='lat' dir='ltr'>volt</span> <span class='ocrx_word' id='word_1_126' title='bbox 876 2092 909 2169; x_wconf 82' lang='lat'>²).</span> 
     </span>
    </p>

    <p class='ocr_par' dir='ltr' id='par_1_4' title="bbox 192 2223 1935 2861">
     <span class='ocr_line' id='line_1_13' title="bbox 323 2223 1935 2311; baseline 0.001 -25"><span class='ocrx_word' id='word_1_127' title='bbox 323 2223 520 2305; x_wconf 87' lang='lat' dir='ltr'>Propterea</span> <span class='ocrx_word' id='word_1_128' title='bbox 551 2228 657 2289; x_wconf 89' lang='lat' dir='ltr'>etiam</span> <span class='ocrx_word' id='word_1_129' title='bbox 688 2248 793 2311; x_wconf 88' lang='lat' dir='ltr'>reges</span> <span class='ocrx_word' id='word_1_130' title='bbox 825 2229 1025 2310; x_wconf 90' lang='lat' dir='ltr'>exemplum</span> <span class='ocrx_word' id='word_1_131' title='bbox 1059 2247 1085 2289; x_wconf 94' lang='grc'>5.</span> <span class='ocrx_word' id='word_1_132' title='bbox 1113 2226 1286 2308; x_wconf 88' lang='lat' dir='ltr'>Stephani</span> <span class='ocrx_word' id='word_1_133' title='bbox 1318 2228 1466 2308; x_wconf 91' lang='lat' dir='ltr'>eiusque</span> <span class='ocrx_word' id='word_1_134' title='bbox 1496 2226 1610 2307; x_wconf 92' lang='lat' dir='ltr'>patris</span> <span class='ocrx_word' id='word_1_135' title='bbox 1642 2224 1787 2307; x_wconf 88' lang='lat' dir='ltr'>Geysae</span> <span class='ocrx_word' id='word_1_136' title='bbox 1819 2226 1935 2288; x_wconf 91' lang='lat' dir='ltr'>secuti</span> 
     </span>
     <span class='ocr_line' id='line_1_14' title="bbox 192 2361 1934 2446; baseline -0.003 -15"><span class='ocrx_word' id='word_1_137' title='bbox 192 2368 352 2431; x_wconf 87' lang='lat' dir='ltr'>ordinem</span> <span class='ocrx_word' id='word_1_138' title='bbox 381 2364 606 2446; x_wconf 85' lang='lat' dir='ltr'>maximeque</span> <span class='ocrx_word' id='word_1_139' title='bbox 629 2367 788 2429; x_wconf 90' lang='lat' dir='ltr'>Montem</span> <span class='ocrx_word' id='word_1_140' title='bbox 812 2366 1018 2429; x_wconf 90' lang='lat' dir='ltr'>Pannoniae</span> <span class='ocrx_word' id='word_1_141' title='bbox 1050 2366 1265 2428; x_wconf 86' lang='lat' dir='ltr'>incunabula</span> <span class='ocrx_word' id='word_1_142' title='bbox 1293 2366 1395 2446; x_wconf 88' lang='lat' dir='ltr'>quasi</span> <span class='ocrx_word' id='word_1_143' title='bbox 1424 2366 1500 2426; x_wconf 91' lang='lat' dir='ltr'>eius</span> <span class='ocrx_word' id='word_1_144' title='bbox 1529 2365 1647 2427; x_wconf 90' lang='lat' dir='ltr'>studio</span> <span class='ocrx_word' id='word_1_145' title='bbox 1671 2374 1707 2426; x_wconf 92' lang='lat' dir='ltr'>et</span> <span class='ocrx_word' id='word_1_146' title='bbox 1730 2364 1850 2445; x_wconf 84' lang='lat' dir='ltr'>gratia</span> <span class='ocrx_word' id='word_1_147' title='bbox 1874 2361 1934 2425; x_wconf 92' lang='lat' dir='ltr'>ad-</span> 
     </span>
     <span class='ocr_line' id='line_1_15' title="bbox 192 2502 1933 2586; baseline -0.004 -15"><span class='ocrx_word' id='word_1_148' title='bbox 192 2507 381 2574; x_wconf 88' lang='lat' dir='ltr'>iuvabant;</span> <span class='ocrx_word' id='word_1_149' title='bbox 406 2503 505 2565; x_wconf 90' lang='lat' dir='ltr'>cuius</span> <span class='ocrx_word' id='word_1_150' title='bbox 529 2505 641 2566; x_wconf 91' lang='lat' dir='ltr'>abbas</span> <span class='ocrx_word' id='word_1_151' title='bbox 665 2505 734 2566; x_wconf 92' lang='lat' dir='ltr'>iam</span> <span class='ocrx_word' id='word_1_152' title='bbox 758 2524 823 2586; x_wconf 90' lang='lat' dir='ltr'>per</span> <span class='ocrx_word' id='word_1_153' title='bbox 840 2503 1062 2585; x_wconf 89' lang='lat' dir='ltr'>Stephanum</span> <span class='ocrx_word' id='word_1_154' title='bbox 1078 2502 1249 2567; x_wconf 87' lang='lat' dir='ltr'>Sanctum</span> <span class='ocrx_word' id='word_1_155' title='bbox 1272 2503 1426 2565; x_wconf 94' lang='lat' dir='ltr'>omnium</span> <span class='ocrx_word' id='word_1_156' title='bbox 1448 2504 1717 2586; x_wconf 83' lang='lat' dir='ltr'>privilegiorum</span> <span class='ocrx_word' id='word_1_157' title='bbox 1741 2512 1778 2565; x_wconf 93' lang='lat' dir='ltr'>et</span> <span class='ocrx_word' id='word_1_158' title='bbox 1801 2503 1933 2585; x_wconf 86' lang='lat' dir='ltr'>gratia-</span> 
     </span>
     <span class='ocr_line' id='line_1_16' title="bbox 192 2640 1934 2724; baseline -0.003 -16"><span class='ocrx_word' id='word_1_159' title='bbox 192 2665 267 2708; x_wconf 88' lang='lat' dir='ltr'>rum</span> <span class='ocrx_word' id='word_1_160' title='bbox 291 2664 312 2706; x_wconf 91' lang='lat' dir='ltr'>a</span> <span class='ocrx_word' id='word_1_161' title='bbox 336 2642 422 2703; x_wconf 91' lang='lat' dir='ltr'>sede</span> <span class='ocrx_word' id='word_1_162' title='bbox 446 2643 644 2723; x_wconf 89' lang='lat' dir='ltr'>apostolica</span> <span class='ocrx_word' id='word_1_163' title='bbox 667 2642 850 2724; x_wconf 89' lang='lat' dir='ltr'>particeps</span> <span class='ocrx_word' id='word_1_164' title='bbox 873 2641 990 2704; x_wconf 87' lang='lat' dir='ltr'>factus</span> <span class='ocrx_word' id='word_1_165' title='bbox 1015 2653 1085 2721; x_wconf 90' lang='lat' dir='ltr'>est,</span> <span class='ocrx_word' id='word_1_166' title='bbox 1114 2641 1243 2721; x_wconf 91' lang='lat' dir='ltr'>quibus</span> <span class='ocrx_word' id='word_1_167' title='bbox 1267 2640 1491 2704; x_wconf 89' lang='lat' dir='ltr'>Cassinensis</span> <span class='ocrx_word' id='word_1_168' title='bbox 1522 2640 1684 2704; x_wconf 91' lang='lat' dir='ltr'>florebat.</span> <span class='ocrx_word' id='word_1_169' title='bbox 1731 2641 1772 2703; x_wconf 92' lang='lat' dir='ltr'>In</span> <span class='ocrx_word' id='word_1_170' title='bbox 1804 2641 1934 2722; x_wconf 91' lang='lat' dir='ltr'>quibus</span> 
     </span>
     <span class='ocr_line' id='line_1_17' title="bbox 192 2778 1933 2861; baseline -0.003 -15"><span class='ocrx_word' id='word_1_171' title='bbox 192 2783 278 2846; x_wconf 90' lang='lat' dir='ltr'>illud</span> <span class='ocrx_word' id='word_1_172' title='bbox 303 2782 420 2843; x_wconf 90' lang='lat' dir='ltr'>locum</span> <span class='ocrx_word' id='word_1_173' title='bbox 444 2779 641 2860; x_wconf 89' lang='lat' dir='ltr'>principem</span> <span class='ocrx_word' id='word_1_174' title='bbox 666 2779 813 2860; x_wconf 91' lang='lat' dir='ltr'>obtinet,</span> <span class='ocrx_word' id='word_1_175' title='bbox 839 2799 909 2861; x_wconf 93' lang='lat' dir='ltr'>quo</span> <span class='ocrx_word' id='word_1_176' title='bbox 933 2779 1056 2841; x_wconf 88' lang='lat' dir='ltr'>abbati</span> <span class='ocrx_word' id='word_1_177' title='bbox 1081 2779 1164 2841; x_wconf 86' lang='lat' dir='ltr'>iuris</span> <span class='ocrx_word' id='word_1_178' title='bbox 1188 2779 1298 2841; x_wconf 91' lang='lat' dir='ltr'>dictio</span> <span class='ocrx_word' id='word_1_179' title='bbox 1320 2778 1498 2841; x_wconf 90' lang='lat' dir='ltr'>ordinaria</span> <span class='ocrx_word' id='word_1_180' title='bbox 1514 2779 1709 2859; x_wconf 90' lang='lat' dir='ltr'>spiritualis</span> <span class='ocrx_word' id='word_1_181' title='bbox 1731 2779 1767 2841; x_wconf 92' lang='lat' dir='ltr'>in</span> <span class='ocrx_word' id='word_1_182' title='bbox 1791 2799 1933 2860; x_wconf 88' lang='lat' dir='ltr'>posses-</span> 
     </span>
    </p>
   </div>
   <div class='ocr_carea' id='block_1_3' title="bbox 192 2907 1308 2998">
    <p class='ocr_par' dir='ltr' id='par_1_5' title="bbox 192 2907 1308 2998">
     <span class='ocr_line' id='line_1_18' title="bbox 192 2907 1308 2998; baseline -0.004 -15"><span class='ocrx_word' id='word_1_183' title='bbox 192 2921 351 2983; x_wconf 74' lang='lat' dir='ltr'>sionibus</span> <span class='ocrx_word' id='word_1_184' title='bbox 376 2919 421 2979; x_wconf 88' lang='lat' dir='ltr'>ad</span> <span class='ocrx_word' id='word_1_185' title='bbox 445 2917 697 2980; x_wconf 89' lang='lat' dir='ltr'>monasterium</span> <span class='ocrx_word' id='word_1_186' title='bbox 722 2916 984 2998; x_wconf 91' lang='lat' dir='ltr'>pertinentibus</span> <span class='ocrx_word' id='word_1_187' title='bbox 1009 2936 1179 2979; x_wconf 87' lang='lat' dir='ltr'>concessa</span> <span class='ocrx_word' id='word_1_188' title='bbox 1204 2907 1259 2978; x_wconf 80' lang='lat' dir='ltr'>est</span> <span class='ocrx_word' id='word_1_189' title='bbox 1273 2919 1308 2996; x_wconf 80' lang='lat'>³).</span> 
     </span>
    </p>
   </div>
   <div class='ocr_carea' id='block_1_4' title="bbox 964 3330 1156 3394">
    <p class='ocr_par' dir='ltr' id='par_1_6' title="bbox 964 3330 1156 3394">
     <span class='ocr_line' id='line_1_19' title="bbox 964 3330 1156 3394; baseline 0.005 -1"><span class='ocrx_word' id='word_1_190' title='bbox 964 3330 1070 3394; x_wconf 89' lang='lat' dir='ltr'>CAP.</span> <span class='ocrx_word' id='word_1_191' title='bbox 1095 3331 1156 3394; x_wconf 90' lang='lat' dir='ltr'>III.</span> 
     </span>
    </p>
   </div>
   <div class='ocr_carea' id='block_1_5' title="bbox 185 3604 1931 4650">
    <p class='ocr_par' dir='ltr' id='par_1_7' title="bbox 186 3604 1931 4376">
     <span class='ocr_line' id='line_1_20' title="bbox 264 3604 1931 3692; baseline -0.002 -21"><span class='ocrx_word' id='word_1_192' title='bbox 264 3613 267 3619; x_wconf 76' lang='grc'>’</span> <span class='ocrx_word' id='word_1_193' title='bbox 320 3610 451 3692; x_wconf 83' lang='lat' dir='ltr'>Vigor,</span> <span class='ocrx_word' id='word_1_194' title='bbox 484 3627 587 3688; x_wconf 90' lang='lat' dir='ltr'>quem</span> <span class='ocrx_word' id='word_1_195' title='bbox 621 3608 708 3669; x_wconf 88' lang='lat' dir='ltr'>ordo</span> <span class='ocrx_word' id='word_1_196' title='bbox 740 3616 876 3686; x_wconf 89' lang='lat' dir='ltr'>aetate,</span> <span class='ocrx_word' id='word_1_197' title='bbox 909 3608 953 3668; x_wconf 92' lang='lat' dir='ltr'>de</span> <span class='ocrx_word' id='word_1_198' title='bbox 983 3626 1052 3687; x_wconf 92' lang='lat' dir='ltr'>qua</span> <span class='ocrx_word' id='word_1_199' title='bbox 1083 3625 1191 3688; x_wconf 90' lang='lat' dir='ltr'>supra</span> <span class='ocrx_word' id='word_1_200' title='bbox 1220 3607 1439 3689; x_wconf 90' lang='lat' dir='ltr'>disputatum</span> <span class='ocrx_word' id='word_1_201' title='bbox 1463 3615 1534 3686; x_wconf 92' lang='lat' dir='ltr'>est,</span> <span class='ocrx_word' id='word_1_202' title='bbox 1567 3605 1601 3667; x_wconf 89' lang='lat' dir='ltr'>in</span> <span class='ocrx_word' id='word_1_203' title='bbox 1631 3604 1761 3667; x_wconf 89' lang='lat' dir='ltr'>finibus</span> <span class='ocrx_word' id='word_1_204' title='bbox 1792 3606 1931 3688; x_wconf 91' lang='lat' dir='ltr'>imperii</span> 
     </span>
     <span class='ocr_line' id='line_1_21' title="bbox 189 3743 1930 3826; baseline -0.002 -17"><span class='ocrx_word' id='word_1_205' title='bbox 189 3747 370 3810; x_wconf 84' lang='lat' dir='ltr'>Austriaci</span> <span class='ocrx_word' id='word_1_206' title='bbox 393 3745 613 3826; x_wconf 88' lang='lat' dir='ltr'>ostenderat,</span> <span class='ocrx_word' id='word_1_207' title='bbox 642 3765 686 3806; x_wconf 91' lang='lat' dir='ltr'>ne</span> <span class='ocrx_word' id='word_1_208' title='bbox 713 3745 780 3806; x_wconf 88' lang='lat' dir='ltr'>hoe</span> <span class='ocrx_word' id='word_1_209' title='bbox 805 3744 947 3824; x_wconf 91' lang='lat' dir='ltr'>quidem</span> <span class='ocrx_word' id='word_1_210' title='bbox 978 3755 1139 3823; x_wconf 91' lang='lat' dir='ltr'>tempore</span> <span class='ocrx_word' id='word_1_211' title='bbox 1171 3743 1375 3825; x_wconf 84' lang='lat' dir='ltr'>languerat;</span> <span class='ocrx_word' id='word_1_212' title='bbox 1411 3743 1518 3805; x_wconf 91' lang='lat' dir='ltr'>etiam</span> <span class='ocrx_word' id='word_1_213' title='bbox 1548 3752 1622 3805; x_wconf 93' lang='lat' dir='ltr'>tum</span> <span class='ocrx_word' id='word_1_214' title='bbox 1645 3743 1681 3805; x_wconf 92' lang='lat' dir='ltr'>in</span> <span class='ocrx_word' id='word_1_215' title='bbox 1706 3744 1930 3806; x_wconf 90' lang='lat' dir='ltr'>monasteriis</span> 
     </span>
     <span class='ocr_line' id='line_1_22' title="bbox 188 3881 1929 3967; baseline -0.002 -19"><span class='ocrx_word' id='word_1_216' title='bbox 188 3886 312 3967; x_wconf 74' lang='lat' dir='ltr'>religio</span> <span class='ocrx_word' id='word_1_217' title='bbox 337 3883 537 3947; x_wconf 87' lang='lat' dir='ltr'>Christiana</span> <span class='ocrx_word' id='word_1_218' title='bbox 561 3892 597 3944; x_wconf 95' lang='lat' dir='ltr'>et</span> <span class='ocrx_word' id='word_1_219' title='bbox 621 3891 716 3944; x_wconf 88' lang='lat' dir='ltr'>artes</span> <span class='ocrx_word' id='word_1_220' title='bbox 739 3883 951 3963; x_wconf 89' lang='lat' dir='ltr'>litteraeque</span> <span class='ocrx_word' id='word_1_221' title='bbox 976 3883 1183 3945; x_wconf 87' lang='lat' dir='ltr'>colebantur</span> <span class='ocrx_word' id='word_1_222' title='bbox 1206 3891 1315 3963; x_wconf 91' lang='lat' dir='ltr'>atque</span> <span class='ocrx_word' id='word_1_223' title='bbox 1338 3881 1416 3944; x_wconf 87' lang='lat' dir='ltr'>aliis</span> <span class='ocrx_word' id='word_1_224' title='bbox 1441 3883 1683 3944; x_wconf 85' lang='lat' dir='ltr'>tradebantur.</span> <span class='ocrx_word' id='word_1_225' title='bbox 1724 3881 1804 3962; x_wconf 83' lang='lat' dir='ltr'>Qua</span> <span class='ocrx_word' id='word_1_226' title='bbox 1827 3883 1862 3944; x_wconf 91' lang='lat' dir='ltr'>in</span> <span class='ocrx_word' id='word_1_227' title='bbox 1891 3903 1929 3944; x_wconf 91' lang='lat' dir='ltr'>re</span> 
     </span>
     <span class='ocr_line' id='line_1_23' title="bbox 187 4018 1929 4104; baseline -0.002 -19"><span class='ocrx_word' id='word_1_228' title='bbox 187 4042 317 4104; x_wconf 84' lang='lat' dir='ltr'>magno</span> <span class='ocrx_word' id='word_1_229' title='bbox 342 4040 451 4101; x_wconf 92' lang='lat' dir='ltr'>opere</span> <span class='ocrx_word' id='word_1_230' title='bbox 475 4020 738 4081; x_wconf 89' lang='lat' dir='ltr'>adiuvabantur</span> <span class='ocrx_word' id='word_1_231' title='bbox 761 4022 806 4081; x_wconf 91' lang='lat' dir='ltr'>ab</span> <span class='ocrx_word' id='word_1_232' title='bbox 832 4019 1014 4081; x_wconf 92' lang='lat' dir='ltr'>ordinibus</span> <span class='ocrx_word' id='word_1_233' title='bbox 1039 4020 1149 4099; x_wconf 89' lang='lat' dir='ltr'>novis,</span> <span class='ocrx_word' id='word_1_234' title='bbox 1174 4019 1209 4081; x_wconf 94' lang='lat' dir='ltr'>in</span> <span class='ocrx_word' id='word_1_235' title='bbox 1234 4020 1363 4100; x_wconf 91' lang='lat' dir='ltr'>quibus</span> <span class='ocrx_word' id='word_1_236' title='bbox 1387 4018 1644 4082; x_wconf 89' lang='lat' dir='ltr'>Cistercienses</span> <span class='ocrx_word' id='word_1_237' title='bbox 1666 4040 1687 4082; x_wconf 93' lang='lat' dir='ltr'>a</span> <span class='ocrx_word' id='word_1_238' title='bbox 1710 4018 1792 4081; x_wconf 89' lang='lat' dir='ltr'>filiis</span> <span class='ocrx_word' id='word_1_239' title='bbox 1816 4041 1843 4083; x_wconf 88' lang='grc'>5.</span> <span class='ocrx_word' id='word_1_240' title='bbox 1861 4021 1929 4082; x_wconf 91' lang='lat' dir='ltr'>Be-</span> 
     </span>
     <span class='ocr_line' id='line_1_24' title="bbox 186 4157 1924 4222; baseline -0.001 -1"><span class='ocrx_word' id='word_1_241' title='bbox 186 4159 317 4222; x_wconf 84' lang='lat' dir='ltr'>nedicti</span> <span class='ocrx_word' id='word_1_242' title='bbox 343 4157 480 4220; x_wconf 90' lang='lat' dir='ltr'>oriundi</span> <span class='ocrx_word' id='word_1_243' title='bbox 505 4169 541 4219; x_wconf 90' lang='lat' dir='ltr'>et</span> <span class='ocrx_word' id='word_1_244' title='bbox 564 4157 937 4219; x_wconf 88' lang='lat' dir='ltr'>Praemonstratenses</span> <span class='ocrx_word' id='word_1_245' title='bbox 961 4177 982 4218; x_wconf 85' lang='lat' dir='ltr'>a</span> <span class='ocrx_word' id='word_1_246' title='bbox 1005 4176 1031 4218; x_wconf 89' lang='grc'>5.</span> <span class='ocrx_word' id='word_1_247' title='bbox 1055 4157 1231 4220; x_wconf 89' lang='lat' dir='ltr'>Norberto</span> <span class='ocrx_word' id='word_1_248' title='bbox 1256 4157 1406 4219; x_wconf 91' lang='lat' dir='ltr'>instituti</span> <span class='ocrx_word' id='word_1_249' title='bbox 1429 4158 1617 4220; x_wconf 87' lang='lat' dir='ltr'>honestum</span> <span class='ocrx_word' id='word_1_250' title='bbox 1642 4167 1822 4220; x_wconf 89' lang='lat' dir='ltr'>certamen</span> <span class='ocrx_word' id='word_1_251' title='bbox 1846 4178 1924 4220; x_wconf 93' lang='lat' dir='ltr'>cum</span> 
     </span>
     <span class='ocr_line' id='line_1_25' title="bbox 187 4295 652 4376; baseline -0.011 -15"><span class='ocrx_word' id='word_1_252' title='bbox 187 4297 310 4361; x_wconf 89' lang='lat' dir='ltr'>ordine</span> <span class='ocrx_word' id='word_1_253' title='bbox 335 4296 481 4376; x_wconf 90' lang='lat' dir='ltr'>antiquo</span> <span class='ocrx_word' id='word_1_254' title='bbox 506 4295 652 4357; x_wconf 88' lang='lat' dir='ltr'>inibant.</span> 
     </span>
    </p>

    <p class='ocr_par' dir='ltr' id='par_1_8' title="bbox 185 4431 1927 4650">
     <span class='ocr_line' id='line_1_26' title="bbox 317 4431 1927 4515; baseline 0 -19"><span class='ocrx_word' id='word_1_255' title='bbox 317 4433 411 4496; x_wconf 91' lang='lat' dir='ltr'>Male</span> <span class='ocrx_word' id='word_1_256' title='bbox 435 4452 520 4495; x_wconf 88' lang='lat' dir='ltr'>vero</span> <span class='ocrx_word' id='word_1_257' title='bbox 549 4432 582 4494; x_wconf 90' lang='lat' dir='ltr'>in</span> <span class='ocrx_word' id='word_1_258' title='bbox 607 4431 710 4495; x_wconf 88' lang='lat' dir='ltr'>terris</span> <span class='ocrx_word' id='word_1_259' title='bbox 735 4431 877 4512; x_wconf 86' lang='lat' dir='ltr'>Alpinis</span> <span class='ocrx_word' id='word_1_260' title='bbox 906 4433 1044 4513; x_wconf 89' lang='lat' dir='ltr'>imperii</span> <span class='ocrx_word' id='word_1_261' title='bbox 1068 4433 1251 4495; x_wconf 88' lang='lat' dir='ltr'>Austriaci</span> <span class='ocrx_word' id='word_1_262' title='bbox 1286 4433 1399 4495; x_wconf 91' lang='lat' dir='ltr'>ordini</span> <span class='ocrx_word' id='word_1_263' title='bbox 1431 4433 1561 4495; x_wconf 92' lang='lat' dir='ltr'>accidit</span> <span class='ocrx_word' id='word_1_264' title='bbox 1591 4443 1799 4515; x_wconf 89' lang='lat' dir='ltr'>propterea,</span> <span class='ocrx_word' id='word_1_265' title='bbox 1831 4436 1927 4515; x_wconf 90' lang='lat' dir='ltr'>quod</span> 
     </span>
     <span class='ocr_line' id='line_1_27' title="bbox 185 4569 1926 4650; baseline -0.002 -13"><span class='ocrx_word' id='word_1_266' title='bbox 185 4583 258 4637; x_wconf 87' lang='lat' dir='ltr'>tum</span> <span class='ocrx_word' id='word_1_267' title='bbox 291 4571 483 4635; x_wconf 89' lang='lat' dir='ltr'>certamina</span> <span class='ocrx_word' id='word_1_268' title='bbox 515 4572 606 4634; x_wconf 89' lang='lat' dir='ltr'>inter</span> <span class='ocrx_word' id='word_1_269' title='bbox 630 4569 776 4635; x_wconf 80' lang='lat' dir='ltr'>Staufos</span> <span class='ocrx_word' id='word_1_270' title='bbox 808 4579 844 4632; x_wconf 90' lang='lat' dir='ltr'>et</span> <span class='ocrx_word' id='word_1_271' title='bbox 874 4569 1062 4650; x_wconf 89' lang='lat' dir='ltr'>pontifices</span> <span class='ocrx_word' id='word_1_272' title='bbox 1090 4570 1275 4633; x_wconf 92' lang='lat' dir='ltr'>Romanos</span> <span class='ocrx_word' id='word_1_273' title='bbox 1309 4581 1434 4633; x_wconf 87' lang='lat' dir='ltr'>exorta</span> <span class='ocrx_word' id='word_1_274' title='bbox 1466 4581 1567 4633; x_wconf 90' lang='lat' dir='ltr'>erant</span> <span class='ocrx_word' id='word_1_275' title='bbox 1599 4581 1636 4634; x_wconf 91' lang='lat' dir='ltr'>et</span> <span class='ocrx_word' id='word_1_276' title='bbox 1667 4571 1702 4634; x_wconf 93' lang='lat' dir='ltr'>in</span> <span class='ocrx_word' id='word_1_277' title='bbox 1734 4570 1926 4635; x_wconf 88' lang='lat' dir='ltr'>Germania</span> 
     </span>
    </p>
   </div>
   <div class='ocr_carea' id='block_1_6' title="bbox 183 4709 1658 4792">
    <p class='ocr_par' dir='ltr' id='par_1_9' title="bbox 183 4709 1658 4792">
     <span class='ocr_line' id='line_1_28' title="bbox 183 4709 1658 4792; baseline -0.001 -18"><span class='ocrx_word' id='word_1_278' title='bbox 183 4710 343 4792; x_wconf 71' lang='lat' dir='ltr'>legitimo</span> <span class='ocrx_word' id='word_1_279' title='bbox 367 4709 515 4791; x_wconf 89' lang='lat' dir='ltr'>imperio</span> <span class='ocrx_word' id='word_1_280' title='bbox 540 4720 683 4773; x_wconf 87' lang='lat' dir='ltr'>carente</span> <span class='ocrx_word' id='word_1_281' title='bbox 707 4709 824 4771; x_wconf 91' lang='lat' dir='ltr'>omnia</span> <span class='ocrx_word' id='word_1_282' title='bbox 849 4709 969 4771; x_wconf 88' lang='lat' dir='ltr'>divina</span> <span class='ocrx_word' id='word_1_283' title='bbox 992 4711 1218 4790; x_wconf 90' lang='lat' dir='ltr'>humanaque</span> <span class='ocrx_word' id='word_1_284' title='bbox 1241 4710 1318 4772; x_wconf 91' lang='lat' dir='ltr'>iura</span> <span class='ocrx_word' id='word_1_285' title='bbox 1341 4709 1658 4791; x_wconf 88' lang='lat' dir='ltr'>permiscebantur.</span> 
     </span>
    </p>
   </div>
   <div class='ocr_carea' id='block_1_7' title="bbox 183 4919 498 4929">
    <p class='ocr_par' dir='ltr' id='par_1_10' title="bbox 183 4919 498 4929">
     <span class='ocr_line' id='line_1_29' title="bbox 183 4919 498 4929; baseline 0 0"><span class='ocrx_word' id='word_1_286' title='bbox 183 4920 296 4929; x_wconf 70' lang='lat'><em>-----</em></span> <span class='ocrx_word' id='word_1_287' title='bbox 306 4919 498 4929; x_wconf 59' lang='grc' dir='ltr'>...ιιι-...η</span> 
     </span>
    </p>
   </div>
   <div class='ocr_carea' id='block_1_8' title="bbox 316 5060 608 5142">
    <p class='ocr_par' dir='ltr' id='par_1_11' title="bbox 316 5060 608 5142">
     <span class='ocr_line' id='line_1_30' title="bbox 316 5060 608 5142; baseline 0.01 -27"><span class='ocrx_word' id='word_1_288' title='bbox 316 5060 336 5142; x_wconf 89' lang='lat'>¹)</span> <span class='ocrx_word' id='word_1_289' title='bbox 360 5063 468 5119; x_wconf 70' lang='lat' dir='ltr'>(lainar</span> <span class='ocrx_word' id='word_1_290' title='bbox 493 5061 511 5119; x_wconf 92' lang='grc'>1.</span> <span class='ocrx_word' id='word_1_291' title='bbox 536 5081 561 5119; x_wconf 87' lang='lat' dir='ltr'>c.</span> <span class='ocrx_word' id='word_1_292' title='bbox 587 5061 608 5118; x_wconf 91' lang='lat'>1.</span> 
     </span>
    </p>
   </div>
   <div class='ocr_carea' id='block_1_9' title="bbox 311 5168 1923 5265">
    <p class='ocr_par' dir='ltr' id='par_1_12' title="bbox 311 5168 1923 5265">
     <span class='ocr_line' id='line_1_31' title="bbox 311 5168 1923 5265; baseline -0.002 -23"><span class='ocrx_word' id='word_1_293' title='bbox 311 5182 333 5265; x_wconf 74' lang='lat'>²)</span> <span class='ocrx_word' id='word_1_294' title='bbox 357 5180 529 5261; x_wconf 74' lang='lat' dir='ltr'>Szblldesy:</span> <span class='ocrx_word' id='word_1_295' title='bbox 560 5183 602 5242; x_wconf 69' lang='grc' dir='ltr'>ΑΖ</span> <span class='ocrx_word' id='word_1_296' title='bbox 627 5182 890 5258; x_wconf 70' lang='lat' dir='ltr'>osztrak-magyar</span> <span class='ocrx_word' id='word_1_297' title='bbox 908 5168 1083 5238; x_wconf 81' lang='lat' dir='ltr'>Monarcbia</span> <span class='ocrx_word' id='word_1_298' title='bbox 1100 5186 1205 5237; x_wconf 83' lang='grc'>655105</span> <span class='ocrx_word' id='word_1_299' title='bbox 1229 5181 1560 5238; x_wconf 80' lang='grc'>510110105-101111011101(</span> <span class='ocrx_word' id='word_1_300' title='bbox 1584 5182 1727 5238; x_wconf 73' lang='grc'>1611110011</span> <span class='ocrx_word' id='word_1_301' title='bbox 1752 5181 1785 5238; x_wconf 88' lang='lat' dir='ltr'>e&#39;s</span> <span class='ocrx_word' id='word_1_302' title='bbox 1808 5184 1923 5238; x_wconf 87' lang='lat' dir='ltr'>statisz·</span> 
     </span>
    </p>
   </div>
   <div class='ocr_carea' id='block_1_10' title="bbox 0 0 2126 6100">
    <p class='ocr_par' dir='ltr' id='par_1_13' title="bbox 0 0 2126 6100">
     <span class='ocr_line' id='line_1_32' title="bbox 0 0 2126 6100; baseline 0 0"><span class='ocrx_word' id='word_1_303' title='bbox 0 0 2126 6100; x_wconf 95' lang='lat' dir='ltr'> </span> 
     </span>
    </p>
   </div>
  </div>
 </body>
</html>
