4222 6106
864 509 905 519 —
952 472 1052 536 LVII
1096 510 1136 519 —

128 700 390 782 Wilimovensi,
414 699 706 782 Postelbergensi
731 700 788 778 (ad
806 697 954 762 Sazawa
975 697 1129 778 flumen),
1147 697 1367 778 Trebicensi,
1384 697 1651 779 Raigradiensi,
1676 696 1868 778 aliis-locis,

129 839 250 902 statim
275 841 321 901 ab
345 839 483 920 origine
507 839 647 900 scholas
672 837 885 900 constitutas
910 856 1000 901 esse.

261 976 312 1038 Ut
336 986 477 1039 ceterae
501 994 633 1054 omnes,
657 975 708 1037 ita
731 990 767 1037 et
783 975 977 1036 Bohemiae
1000 974 1144 1037 scholae
1168 973 1306 1035 divisae
1322 984 1424 1035 erant
1441 972 1476 1034 in
1492 973 1661 1054 internas,
1686 975 1721 1036 in
1739 975 1867 1055 quibus

131 1115 250 1178 clerici
274 1116 534 1195 educabantur,
566 1124 603 1177 et
634 1123 803 1176 externas
825 1113 885 1174 vel
911 1112 1039 1193 laicas,
1071 1111 1107 1174 in
1136 1111 1265 1192 quibus
1296 1110 1460 1174 monachi
1491 1131 1639 1192 pueros,
1673 1113 1868 1173 monachae

130 1254 270 1334 puellas
304 1252 515 1315 erudiebant
531 1252 564 1330 ¹).
614 1249 840 1313 Clarissimae
875 1260 976 1313 erant
1010 1249 1182 1330 imprimis
1216 1258 1477 1330 postremorum
1508 1250 1798 1312 Premislidarum
1833 1259 1869 1312 et

131 1389 490 1472 Luxenburgensium
520 1398 639 1451 aetate
671 1389 794 1451 schola
826 1388 1104 1450 Brevnoviensis
1135 1397 1171 1450 et
1202 1387 1503 1461 Braunaviensis;
1538 1387 1632 1449 illius
1667 1389 1867 1467 complures

131 1539 386 1611 praeceptores
413 1538 521 1609 atque
550 1527 754 1610 theologiae
782 1528 947 1589 doctores
978 1527 1013 1588 in
1044 1526 1276 1588 universitate
1299 1525 1493 1588 Parisiensi
1523 1525 1719 1589 litterarum
1751 1526 1869 1589 studia

130 1668 334 1747 hauserant,
358 1666 393 1728 in
418 1666 547 1746 quibus
563 1675 639 1728 erat
657 1667 770 1727 abbas
785 1663 981 1747 Dionysius
998 1664 1276 1727 Braunaviensis
1292 1665 1582 1746 (136o-1366)²);
1606 1664 1710 1726 huius
1726 1664 1869 1726 scholae

131 1805 295 1867 alumnus
312 1813 389 1866 erat
405 1803 596 1866 Arnestius
612 1802 900 1883 Pardubicensis,
917 1803 1052 1884 primus
1068 1802 1359 1883 archiepiscopus
1376 1803 1570 1884 Pragensis
1588 1802 1826 1884 (1343-1364)
1847 1803 1867 1879 ).

130 1942 268 2005 Maiore
299 1942 406 2004 etiam
435 1943 625 2022 splendore
656 1950 783 2003 auctae
811 1951 893 2004 sunt
917 1940 1111 2003 Bohemiae
1135 1941 1295 2022 scholae,
1328 1960 1406 2002 cum
1430 1961 1451 2003 a
1475 1939 1603 2029 Carolo
1626 1939 1652 2003 I.
1677 1936 1762 2020 (IV.)
1788 1958 1869 2000 con-

130 2082 276 2143 deretur
298 2079 511 2143 universitas
526 2079 720 2161 Pragensis
738 2079 858 2159 (1348),
875 2079 932 2140 cui
948 2090 1089 2141 ceterae
1105 2078 1249 2141 scholae
1265 2078 1450 2141 subiectae
1466 2088 1575 2160 atque
1591 2087 1667 2140 arte
1684 2095 1869 2141 connexae

130 2229 233 2281 erant
247 2220 283 2298 ⁴).
330 2217 402 2282 Sed
426 2218 513 2281 ortis
536 2219 680 2283 saeculo
705 2217 787 2279 XV.
810 2205 1087 2297 tempestatibus
1110 2217 1302 2279 Hussiticis
1330 2216 1531 2298 ceterisque
1558 2235 1674 2278 rerum
1698 2214 1870 2278 turbatio·

130 2357 236 2418 nibus
264 2356 479 2418 monasteria
507 2356 783 2437 excidebantur,
816 2355 875 2436 qui
906 2355 942 2417 in
972 2355 1015 2417 iis
1049 2356 1277 2437 habitabant,
1310 2354 1501 2418 furentium
1533 2355 1593 2417 iris
1625 2366 1661 2417 et
1692 2354 1870 2416 erroribus

131 2498 359 2557 vexabantur
397 2494 608 2576 plurimique
647 2492 967 2574 interficiebantur,
1009 2495 1207 2557 scholarum
1247 2493 1400 2573 fructuS,
1441 2512 1530 2573 quos
1569 2492 1730 2574 superior
1771 2501 1871 2554 aetas

132 2634 274 2713 tulerat,
298 2631 466 2695 exstincti
490 2644 572 2694 sunt
586 2632 621 2714 ⁵).

264 2771 381 2833 Etiam
410 2771 446 2833 in
471 2769 599 2834 Silesia
623 2781 659 2834 et
682 2771 832 2833 Polonia
859 2782 995 2842 mature
1026 2770 1062 2832 in
1092 2769 1317 2833 monasteriis
1348 2771 1491 2833 scholae
1522 2769 1784 2849 aperiebantur.
1831 2768 1871 2830 In

132 2909 329 2973 clarissimo
353 2908 568 2972 monasterio
591 2909 782 2971 Tinecensi
806 2909 928 2971 Arone
951 2910 1083 2971 abbate
1108 2909 1228 2971 schola
1252 2920 1328 2973 erat
1352 2908 1593 2990 celeberrima,
1619 2907 1653 2969 in
1677 2927 1746 2988 qua
1770 2906 1869 2970 initio

132 3047 298 3110 monachi
322 3045 576 3109 Cluniacenses
601 3047 752 3110 docendi
776 3065 920 3109 munere
943 3046 1186 3129 fungebantur
1199 3045 1235 3126 ⁶).

265 3185 305 3248 In
329 3185 526 3267 Hungaria,
550 3187 611 3248 ubi
635 3186 787 3267 plurima
810 3195 912 3248 erant
935 3185 1249 3249 Benedictinorum
1271 3185 1501 3266 monasteria,
1525 3204 1590 3246 rex
1614 3183 1819 3264 Stephanus
1842 3182 1869 3245 Ι.

134 3323 301 3404 Sanctus,
325 3342 405 3385 cum
427 3323 563 3386 incolas
586 3325 632 3386 ad
649 3322 883 3387 Christianam
907 3324 1115 3406 religionem
1136 3324 1400 3405 suscipiendam
1423 3323 1662 3404 perduxisset,
1685 3322 1721 3383 in
1744 3321 1871 3383 eadem

132 3471 175 3524 ut
204 3471 473 3542 permanerent,
508 3461 647 3523 idoneis
682 3461 813 3524 scholis
850 3459 992 3524 efficere
1028 3462 1172 3525 studuit.
1219 3461 1348 3524 Earum
1380 3460 1612 3524 celeberrima
1643 3470 1719 3523 erat
1750 3460 1871 3522 schola

133 3599 487 3681 Martinsbergensis,
512 3618 559 3661 ex
583 3619 653 3680 qua
676 3599 777 3662 multi
800 3599 1008 3680 prodierunt
1032 3599 1192 3681 episcopi
1220 3611 1256 3663 et
1284 3600 1475 3681 principes
1521 3599 1656 3681 Magna
1687 3606 1764 3661 erat
1794 3598 1870 3661 eius

133 3739 252 3822 gloria
276 3738 345 3800 iam
368 3738 482 3819 primo
506 3740 639 3801 abbate
663 3738 874 3809 Anastasio:
899 3757 943 3800 ea
966 3738 1058 3800 enim
1082 3748 1201 3801 aetate
1225 3759 1253 3802 s.
1276 3738 1432 3820 Maurus,
1457 3737 1517 3819 qui
1540 3748 1668 3819 postea
1690 3738 1868 3800 secundus

132 3876 255 3938 factus
278 3887 334 3940 est
356 3876 459 3939 huius
484 3877 688 3939 monasterii
712 3878 826 3938 abbas
851 3879 1088 3955 (roso—1036)
1113 3887 1220 3957 atque
1244 3879 1290 3938 ab
1316 3877 1394 3958 ipso
1412 3875 1595 3956 Stephano
1618 3894 1704 3958 rege
1734 3875 1871 3956 episco-

131 4025 261 4098 patum
279 4014 697 4096 Quinqueecclesiensem
714 4014 864 4096 accepit,
885 4015 920 4076 in
936 4015 1131 4078 litterarum
1148 4015 1265 4078 studia
1281 4014 1450 4096 incubuit,
1475 4015 1571 4095 quod
1587 4034 1607 4076 e
1623 4015 1702 4078 loco
1719 4016 1872 4096 quodam

130 4153 243 4216 Vitae
268 4173 295 4216 s.
321 4152 489 4215 Andreae
513 4163 549 4216 et
572 4152 759 4215 Benedicti
782 4163 975 4235 martyrum
1000 4152 1116 4215 elucet
1130 4153 1164 4233 ⁷).
1210 4153 1345 4235 Magna
1368 4152 1475 4215 etiam
1498 4153 1594 4215 fama
1622 4164 1698 4214 erat
1729 4154 1872 4215 scholae

270 4387 292 4468 ι)
315 4387 522 4463 Schlesinger,
547 4387 732 4445 Geschichte
755 4388 809 4445 der
833 4389 1008 4445 Deutschen
1032 4391 1060 4445 in
1085 4391 1227 4447 Bdhmen.

268 4499 291 4581 ²)
314 4499 420 4558 Abbas
444 4502 610 4576 Dionysius
633 4501 756 4557 Parisiis
780 4500 892 4576 gradus
915 4501 1106 4558 academicos
1129 4501 1292 4559 adsecutus
1316 4518 1362 4560 est
1386 4505 1415 4559 in
1439 4505 1594 4580 theologia
1622 4519 1652 4562 et
1675 4506 1868 4582 philosophia

128 4630 229 4691 atque
253 4616 284 4670 in
308 4615 504 4670 universitate
527 4613 672 4688 Pragensi
697 4615 826 4670 nominis
849 4628 915 4670 erat
939 4614 1135 4671 celeberrimi.

267 4724 291 4803 ³)
314 4726 384 4784 Vita
406 4726 548 4782 Arnesti:
582 4725 685 4798 „Ergo
718 4745 784 4782 cum
817 4728 873 4782 iam
903 4727 973 4783 nihil
997 4727 1128 4784 Arnesto
1153 4727 1250 4785 Glacii
1279 4729 1453 4786 discendum
1482 4743 1629 4797 restaret,
1661 4731 1870 4798 Braunoviam,

33 4906 37 4912 Ι
127 4860 195 4916 qua
228 4843 259 4897 in
291 4841 414 4896 civitate
443 4837 541 4894 ludum
571 4838 734 4894 litterarum
763 4851 867 4914 patres
900 4857 916 4895 e
944 4858 968 4896 s.
997 4840 1150 4896 Benedicti
1182 4840 1339 4917 disciplina
1370 4840 1537 4911 habebant,
1567 4844 1719 4899 mittitur.“
1756 4842 1872 4897 Matau-

126 4953 230 5011 schek
253 4952 273 5008 l.
298 4971 325 5008 c.

266 5061 290 5141 4)
313 5062 443 5130 Hellert,
468 5064 525 5120 Die
548 5062 749 5121 Volksschule
774 5076 861 5118 unter
884 5064 979 5120 Maria
1001 5064 1160 5122 Theresia.

266 5174 289 5254 ⁵)
313 5175 511 5232 Matauschek
534 5176 553 5232 Ι.
578 5194 604 5231 c.

267 5284 290 5367 ⁶)
314 5288 512 5362 Ziegelbauer
536 5289 555 5346 1.
581 5307 607 5344 c.
634 5287 656 5343 I.

268 5397 289 5473 7)
314 5400 419 5456 Czinar
440 5403 458 5461 1.
483 5424 508 5462 c.
535 5404 557 5460 I.
