4222 6106
921 466 1196 530 -XCV-

189 698 226 752 et
247 675 454 770 pontificem
477 691 680 753 Romanum
703 702 865 754 conserta
887 693 1002 755 locum
1027 693 1209 757 dederunt.
1248 693 1544 756 Monasteriorum
1569 695 1660 757 enim
1685 695 1853 776 interfuit,
1878 706 1919 758 ut

191 827 414 891 conditorum
437 828 548 911 vitae,
578 829 636 910 qui
660 829 695 892 in
718 829 772 892 his
797 831 1048 894 certaminibus
1070 832 1267 913 principem
1298 833 1413 894 locum
1441 833 1665 914 obtinebant,
1693 833 1805 896 veluti
1828 832 1923 896 Geb-

189 968 292 1030 hardi
315 968 576 1049 archiepiscopi
592 967 877 1052 Salisburgensis
894 971 1142 1051 (roho—1081),
1168 969 1227 1052 qui
1251 990 1270 1032 e
1294 971 1508 1033 monasterio
1531 973 1577 1033 ad
1594 992 1620 1036 s.
1637 953 1806 1052 Blasium,
1824 972 1922 1034 cuius

189 1107 355 1169 monachi
371 1126 441 1169 non
457 1106 571 1169 minus
587 1127 691 1188 quam
707 1108 836 1194 fratres
851 1108 1101 1171 Hirsavienses
1118 1110 1246 1171 acriter
1268 1130 1333 1191 pro
1357 1110 1507 1173 ecclesia
1530 1112 1751 1193 pugnabant,
1776 1111 1922 1174 colonos

189 1245 392 1307 Admontes
416 1244 581 1327 deduxit,
613 1257 649 1308 et
676 1246 891 1309 successoris
922 1246 998 1309 eius
1020 1246 1222 1310 Thiemonis
1248 1248 1495 1330 (1081—1101),
1525 1248 1585 1329 qui
1620 1258 1655 1310 et
1682 1248 1759 1330 ipse
1791 1249 1923 1311 ordinis

190 1405 218 1447 S.
241 1383 431 1447 Benedicti
453 1384 586 1447 sodalis
608 1385 644 1448 in
667 1385 918 1449 monasterium
935 1385 1181 1449 Admontense
1198 1387 1338 1449 omnino
1355 1387 1533 1449 desertum
1550 1386 1722 1448 coloniam
1739 1406 1785 1448 ex
1800 1387 1922 1449 Hirsa-

189 1521 304 1585 viensi
327 1522 482 1605 miserat,
514 1534 550 1585 et
573 1523 813 1585 Adalberonis
840 1524 1128 1606 Herbipolensi5,
1160 1525 1219 1606 qui
1250 1525 1500 1588 monasterium
1528 1525 1771 1587 Lambacense
1803 1526 1922 1587 condi-

190 1662 302 1744 derat,
327 1669 364 1723 et
386 1661 570 1724 Aitmanni
594 1662 851 1744 Passaviensis,
876 1662 1081 1726 monasterii
1103 1662 1345 1726 Gottvicensis
1369 1663 1569 1735 conditoris
1594 1663 1864 1745 exquirerentur
1888 1673 1923 1726 et

189 1799 505 1880 perscriberentur.
552 1799 677 1881 Itaque
709 1801 917 1882 prodierunt
949 1801 984 1863 in
1017 1802 1230 1864 monasterio
1253 1801 1489 1863 Admontensi
1520 1802 1615 1865 vitae
1642 1804 1677 1866 b.
1702 1799 1884 1864 Gebhardi
1900 1804 1921 1883 ι)

189 1947 225 1999 et
247 1937 454 2000 Thiemonis
469 1938 502 2019 ²),
533 1937 767 2001 Lambacensi
789 1939 864 2002 vita
887 1941 920 2002 b.
943 1939 1239 2022 Adalberonis³)‚
1272 1938 1497 2002 Gottvicensi
1526 1940 1601 2002 vita
1630 1942 1664 2003 b.
1689 1940 1872 2002 Altmanni
1887 1940 1921 2022 ⁴).

191 2075 268 2138 Has
291 2076 387 2139 vitas
410 2076 594 2158 excipiunt
619 2077 764 2161 „Passio
789 2076 1033 2159 Cholomanni,
1062 2078 1203 2159 patroni
1230 2078 1432 2140 monasterii
1456 2077 1692 2141 Mellicensis“
1708 2081 1731 2159 5)
1764 2089 1800 2141 et
1829 2079 1924 2162 „vita

192 2215 223 2278 b.
240 2214 428 2278 Bertholdi
451 2215 592 2276 abbatis
609 2213 834 2279 Garstensis“
853 2215 1140 2298 (1110-1143)⁶).
1185 2218 1250 2279 Illa
1272 2217 1459 2279 referenda
1482 2227 1537 2280 est
1560 2219 1605 2279 ad
1622 2217 1922 2298 Erchenfriedum,

196 2352 372 2416 Abbatem
396 2353 639 2416 Mellicensem
662 2355 911 2436 (1121-1163),
935 2355 995 2436 qui
1023 2355 1058 2417 in
1086 2355 1299 2418 monasterio
1323 2374 1387 2418 suo
1412 2355 1565 2418 studium
1596 2356 1791 2418 litterarum
1816 2356 1922 2419 enine

200 2491 398 2573 adiuvabat,
420 2494 509 2554 haec
532 2494 577 2554 ad
602 2492 761 2576 ignotum
784 2495 992 2556 monachum
1017 2491 1257 2575 Garstensem,
1282 2494 1402 2577 magni
1425 2494 1567 2556 abbatis
1590 2495 1786 2574 aequalem.

321 2631 388 2694 His
419 2633 637 2714 temporibus
668 2633 704 2695 in
731 2633 878 2695 Austria
909 2633 1015 2695 etiam
1044 2633 1193 2696 historia
1225 2633 1442 2715 singulorum
1473 2633 1765 2696 monasteriorum
1796 2633 1923 2696 litteris

210 2770 353 2832 mandari
376 2781 505 2851 coepta
529 2779 592 2853 est,
617 2772 745 2853 quain
768 2791 806 2834 re
829 2771 992 2834 monachi
1008 2772 1208 2854 exemplum
1224 2771 1427 2834 monasterii
1451 2773 1496 2833 ad
1518 2791 1544 2833 s.
1561 2771 1706 2834 Petrum
1723 2770 1922 2855 Salisburgi

217 2908 308 2970 secuti
330 2920 421 2991 sunt,
445 2910 505 2972 ubi
528 2912 657 2991 partim
680 2911 841 2974 monachi
857 2910 985 2993 partim
1002 2910 1161 2973 canonIci
1176 2911 1323 2972 annales
1340 2909 1561 2972 conscribere
1578 2930 1648 2972 non
1666 2910 1878 2973 destiterunt
1888 2911 1922 2991 7).

222 3042 316 3127 Atque
337 3048 442 3129 primi
464 3049 626 3112 monachi
649 3050 874 3113 Mellicenses
905 3055 983 3112 1123
1018 3048 1158 3111 circiter
1189 3049 1333 3110 annales
1363 3046 1536 3111 conficere
1567 3059 1760 3130 coeperunt
1791 3069 1923 3131 eosque

224 3188 375 3263 usquead
398 3190 577 3251 saeculum
601 3189 703 3252 XVI.
726 3191 980 3271 produxerunt.
1018 3188 1154 3250 Horum
1177 3187 1313 3250 initium
1337 3206 1383 3248 ex
1407 3186 1561 3267 epitome
1578 3186 1814 3270 sangallensi,
1832 3206 1923 3267 quae

224 3335 350 3406 vocatur,
375 3336 411 3389 et
434 3325 607 3389 Chronico
623 3327 792 3390 Bernoldi
815 3335 1034 3408 assumptum
1059 3337 1122 3389 est.
1153 3327 1194 3389 In
1210 3328 1396 3389 annalibus
1411 3326 1677 3389 Mellicensibus
1694 3326 1922 3389 conficiendis

216 3491 504 3518 μ-

328 3615 348 3695 1)
370 3617 459 3674 Edid.
477 3615 679 3673 Wattenbach
702 3616 781 3693 apud
805 3618 901 3686 Pertz,
924 3618 1057 3674 Monum.
1082 3617 1185 3673 Germ.
1210 3615 1267 3674 SS.
1291 3617 1343 3674 XI.

327 3745 347 3827 ²)
367 3746 456 3805 Edid.
488 3746 564 3803 idem
595 3760 701 3803 auctor
731 3748 759 3802 in
790 3743 896 3803 eodem
927 3764 1031 3822 opere.
1065 3746 1111 3803 De
1135 3748 1196 3802 vita
1219 3765 1313 3821 nuper
1341 3747 1460 3802 inventa
1483 3744 1551 3802 vide
1575 3748 1604 3802 in
1628 3745 1741 3803 Archiv
1764 3746 1783 3803 I.
1809 3753 1918 3802 osterr.

189 3836 387 3929 Geschichte‚
412 3874 483 3917 tom.
508 3875 559 3932 54.

326 3989 347 4068 ³)
367 3991 455 4047 Edid.
473 3987 674 4046 Wattenbaeh
691 3988 769 4065 apud
786 3989 872 4045 Pertz
889 3988 907 4045 l.
925 4009 950 4045 c.
967 3987 1023 4045 SS.
1040 3989 1107 4045 XII.
1132 3988 1169 4045 cs.
1188 3989 1240 4044 Dr.
1257 3986 1449 4045 Schmieder:
1472 3988 1658 4064 Argumenta
1675 3989 1770 4046 cultus
1786 3987 1816 4046 b.
1833 3988 1924 4045 Adai·
1983 3999 1986 4005 '

182 4079 323 4158 beronis
344 4104 481 4178 episcopi
497 4100 789 4176 Wircesburgensis.
813 4102 956 4170 Viennae,
985 4100 1076 4159 1868.

326 4232 346 4312 4)
369 4232 456 4291 Edid.
475 4230 675 4289 Wattenbach
699 4232 780 4307 apud
803 4233 889 4289 Pertz
913 4232 930 4287 l.
955 4251 981 4288 c.
1005 4230 1061 4288 SS.
1086 4232 1152 4288 XII.
1177 4232 1274 4288 Vitam
1297 4229 1326 4287 b.
1350 4231 1499 4288 Aitmanni
1528 4233 1691 4289 monachus
1715 4233 1923 4290 Gottvicensis

187 4334 279 4393 'IUSSU
306 4344 420 4403 abbatis
437 4345 650 4401 Chadalhochii
667 4340 903 4421 (1125-1141)
927 4346 1057 4421 scripsit.
1089 4343 1204 4401 Eodem
1228 4344 1350 4400 saeculo
1373 4344 1431 4400 alia
1454 4363 1577 4420 quoque
1592 4347 1654 4401 vita
1669 4346 1756 4403 huius
1774 4349 1923 4423 episcopi,

195 4442 235 4524 qui
268 4470 389 4535 semper
412 4477 430 4514 a
453 4455 590 4534 partibus
614 4456 759 4531 Gregorii
775 4458 840 4514 VII.
866 4470 999 4525 steterat,
1025 4460 1196 4533 conscripta
1220 4470 1275 4514 est.

325 4588 346 4668 5)
369 4587 458 4644 Edid.
482 4588 579 4644 Waitz
605 4589 633 4642 In
656 4588 742 4644 Pertz
768 4589 785 4644 l.
811 4608 835 4645 c.
861 4586 916 4645 SS.
942 4588 991 4645 IV.
1021 4589 1107 4645 Vitae
1130 4587 1325 4645 Cholomanni
1354 4587 1524 4645 Bernardus
1552 4589 1716 4645 monachus
1744 4589 1924 4646 Mellicensis

213 4695 292 4755 sitam
312 4720 333 4758 s.
350 4700 504 4757 Gothalmi
527 4702 607 4757 servi
631 4720 655 4757 s.
673 4701 868 4758 Cholomanni
885 4700 1019 4757 adiunxit
1041 4699 1120 4779 (pez,
1136 4704 1239 4777 script.
1256 4720 1315 4757 rer.
1332 4702 1434 4758 Austr.
1452 4698 1497 4780 1.),
1515 4703 1561 4758 cui
1578 4700 1652 4758 fides
1668 4702 1812 4758 historiae
1828 4702 1923 4758 deest.

323 4826 344 4910 ⁶)
367 4831 456 4887 Edid.
479 4831 546 4899 Pez,
571 4829 682 4906 Script.
707 4850 765 4887 rer.
788 4830 888 4887 Austr.
910 4831 946 4887 II.
971 4830 1187 4906 Adiungendae
1215 4845 1284 4888 sunt
1306 4834 1367 4888 vita
1390 4831 1520 4888 Conradi
1544 4833 1566 4887 I.
1596 4832 1728 4906 archiep.
1753 4829 1921 4905 Salisburg.

225 4950 247 4995 et
263 4944 312 4999 rita
334 4958 363 5001 et
386 4943 531 5001 miracula
554 4963 578 4999 s.
595 4943 710 5010 Vitatis,
735 4945 818 5000 cuius
842 4945 929 5017 origo
953 4957 1093 5000 accurate
1113 4943 1218 5000 referri
1235 4962 1294 5000 non
1310 4956 1420 5020 potest.
1452 4943 1505 4999 Illa
1522 4942 1646 5000 forsitan
1663 4944 1824 5011 canonicis,
1848 4944 1924 5001 haec

223 5057 351 5114 monachis
374 5056 412 5113 ad
436 5076 460 5113 s.
485 5057 604 5112 Petrum
629 5055 811 5131 assignanda
835 5069 889 5112 est.

327 5186 349 5266 7)
372 5185 595 5254 wattenbach,
626 5186 846 5243 Deutschlands
875 5186 1175 5261 Geschichtsquellen
1204 5186 1240 5241 II.
1276 5186 1465 5258 ,Chronicon
1490 5182 1739 5260 Salisburgense“
1765 5204 1783 5241 a
1811 5187 1868 5243 Pez
1896 5188 1925 5242 in

211 5298 310 5375 Script.
340 5320 398 5358 rer.
426 5301 527 5360 Austr.
560 5301 598 5358 lI.
631 5301 760 5366 editum,
795 5299 875 5374 quod
911 5300 1087 5356 monachum
1121 5296 1383 5373 Salisburgensem
1419 5299 1637 5374 conscripsisse
1671 5300 1832 5356 verisimile
1867 5313 1923 5366 est,

205 5414 320 5471 saeculo
343 5416 423 5473 XVI.
446 5417 564 5490 prodiit.
592 5415 722 5479 Lorenz‚
748 5412 1051 5486 Geschichtsquellen
1075 5412 1096 5467 I.
