4222 6106
663 472 945 541 ,123-

71 656 162 721 iliari
176 657 356 738 subvenit,
373 657 579 720 accelerem
593 656 762 738 etcopio-
800 672 803 727 ι
842 655 939 718 rimis
955 655 1054 718 laicis
1071 656 1218 719 multum
1234 656 1379 739 placuit,
1394 657 1432 720 in
1447 655 1569 738 primis
1586 657 1674 738 piis-

71 778 109 843 lit
128 799 250 861 opem:
273 780 376 842 simul
400 789 511 843 totam
536 780 631 842 illius
653 779 762 842 admi·
800 730 803 839 Ι
843 779 953 841 simae
976 780 1122 862 reginae
1145 780 1193 843 M.
1217 780 1423 862 Theresiae,
1452 799 1544 861 quae
1568 781 1672 863 plura

71 921 177 965 ‚onem
192 902 245 966 ita
261 903 447 984 disposuit,
468 912 508 965 ut
527 902 563 965 in
579 911 761 984 posterum
801 924 804 1001 Ι
843 902 1000 963 eiusdem
1021 901 1239 982 exemplaria
1259 902 1295 964 in
1314 922 1415 965 suum
1444 914 1481 965 et
1504 903 1672 966 domesti-

71 1025 105 1088 di
117 1024 314 1107 periculum
326 1025 509 1088 vitaretur.
526 1024 761 1106 Praecipuam
801 1012 804 1107 Ι
843 1043 1117 1086 corumsuorum
1133 1043 1235 1086 usum
1251 1024 1320 1086 sibi
1336 1023 1568 1106 comparavit.

71 1146 220 1231 gratiam
241 1156 278 1209 et
298 1147 585 1210 benevolentiam
606 1147 762 1210 devotis·
927 1146 1092 1209 Abbates
1120 1157 1366 1210 antecessores
1392 1148 1439 1209 ad
1465 1147 1673 1211 monasterii

71 1267 133 1332 tris
145 1267 215 1331 sibi
228 1269 447 1351 collegerunt
459 1268 553 1331 filiae
566 1269 601 1330 in
611 1268 761 1350 Christe,
842 1277 878 1331 et
893 1276 1050 1331 statuum
1062 1268 1248 1331 anterioris
1261 1269 1429 1332 Austriae
1446 1272 1580 1333 tuenda
1595 1270 1672 1333 iura

71 1410 128 1472 ¹>so
148 1392 330 1473 hortante,
351 1400 562 1474 perpetuam
584 1391 762 1454 adoratio·
801 1456 804 1478 Ι
842 1400 879 1454 et
894 1391 1040 1473 negotia
1056 1392 1282 1472 expedienda
1294 1388 1466 1454 officiales
1483 1401 1519 1455 et
1535 1392 1671 1474 capitu-

71 1513 238 1577 nctissimi
251 1514 374 1577 altaris
384 1513 608 1594 sacramenti,
619 1514 762 1575 saeculo
801 1487 804 1605 Ι
840 1515 934 1576 lares
944 1532 1038 1593 suos,
1047 1514 1255 1595 plerumque
1270 1513 1491 1576 cellerarium
1503 1534 1671 1596 magnum

71 1635 316 1699 amonialibus
332 1655 363 1698 0.
380 1655 407 1698 s.
421 1636 462 1699 B.
479 1636 515 1698 in
531 1634 762 1718 Lotharingia
801 1670 803 1811 Ι
841 1635 1091 1698 Vindobonam
1107 1635 1291 1708 miserunt;
1313 1635 1480 1718 princeps
1495 1634 1672 1699 Martinus

71 1779 107 1840 n,
127 1758 285 1821 unanimi
306 1777 481 1821 consensu
502 1759 537 1822 in
558 1778 597 1820 se
618 1777 763 1839 recepe·
842 1757 919 1838 ipse
928 1757 1120 1839 quinquies
1133 1758 1275 1839 quidem
1288 1759 1333 1821 ad
1342 1758 1459 1821 aulam
1467 1778 1671 1821 caesaream

801 1822 803 1861 Ι

71 1880 297 1944 ‚dotationem
312 1882 372 1962 pie
388 1881 597 1962 auspicatae
610 1890 692 1943 sunt
705 1879 762 1942 die
801 1902 804 1947 ι
841 1878 1023 1961 profectus
1039 1888 1104 1961 est,
1125 1880 1194 1942 etsi
1215 1900 1285 1942 non
1306 1900 1446 1961 semper
1458 1900 1537 1943 cum
1553 1882 1670 1963 pleno,

71 2022 97 2086 ζ.
124 2021 200 2081 1771
227 2011 417 2084 praesente
440 2001 609 2083 principe,
634 2000 696 2082 qui
717 2001 762 2062 de
801 1952 804 2107 Ι
841 2021 1021 2082 nunquam
1056 2011 1175 2064 tamen
1210 2002 1288 2064 sine
1322 2021 1494 2083 prospero
1529 2012 1670 2066 eventu.

70 2142 126 2186 am
142 2123 213 2204 pio,
230 2133 303 2186 tarn
316 2125 394 2186 Deo
406 2133 511 2205 grato
524 2132 560 2185 et
572 2122 683 2184 sacris
694 2121 762 2184 vir·
801 2114 804 2211 Ι
842 2123 998 2185 Primum
1021 2123 1089 2185 iter
1108 2123 1266 2211 suscepit
1291 2143 1383 2186 anno
1408 2144 1499 2206 1771,
1523 2135 1673 2207 propter

71 2245 246 2327 asalutari,
264 2245 332 2307 sibi
349 2245 417 2325 ipsi
433 2253 470 2307 et
485 2245 695 2307 monialibus
711 2243 762 2306 fe·
801 2220 804 2339 Ι
842 2245 960 2307 varias
983 2254 1068 2308 tunc
1092 2246 1184 2308 latas
1207 2247 1308 2329 leges
1333 2248 1556 2311 monasteriis
1579 2249 1671 2330 peri-

71 2386 208 2430 ermone
231 2368 500 2450 congratulatus
522 2377 585 2432 est.
610 2367 670 2428 Ab
692 2367 761 2429 isto
800 2344 803 2475 Ι
842 2368 992 2448 culosas,
1006 2367 1041 2430 in
1054 2368 1186 2450 primis,
1199 2370 1295 2449 quod
1308 2369 1433 2433 novitii
1445 2380 1528 2432 ante
1541 2390 1671 2433 annum

82 2492 262 2581 noctuque
278 2488 428 2572 singulis
448 2490 544 2551 horis
561 2498 664 2552 extra
680 2491 761 2552 cho·
800 2482 803 2641 Ι
841 2489 971 2552 aetatis
987 2490 1198 2571 vigesimum
1215 2500 1378 2571 quartum
1395 2493 1609 2573 completum
1624 2493 1670 2554 ad

71 2630 129 2694 lae,
151 2621 225 2674 tres
247 2612 304 2673 vel
329 2622 480 2692 quatuor
500 2612 670 2675 moniales
693 2611 761 2673 sibi
840 2610 1041 2692 profitenda
1049 2630 1150 2673 sacra
1160 2621 1245 2675 vota
1253 2612 1393 2676 admitti
1404 2632 1474 2675 non
1487 2614 1669 2677 deberent.

71 2978 163 3040 >eum
179 2977 326 3040 laudare
342 2998 521 3058 nunquam
538 2979 760 3043 desinebant.
841 2976 908 3058 sio,
931 2977 1092 3039 Viennae
1119 2977 1222 3058 plura
1248 2978 1469 3040 machinatus
1496 2980 1679 3041 adversus·

71 2753 100 2796 ιο
119 2735 355 2797 succedentes
371 2734 406 2796 in
423 2734 577 2797 oratorio
593 2735 761 2815 precibus
841 2732 886 2795 Et
905 2733 1066 2796 inimicus
1088 2734 1313 2816 domesticuS,
1332 2734 1523 2797 Marcellus
1543 2733 1669 2798 Grani-

71 2855 138 2917 icis
160 2855 197 2917 in
221 2854 503 2918 aedificationem
524 2856 649 2938 populi
672 2856 761 2919 chri·
841 2856 934 2935 cher,
948 2847 1054 2917 antea
1067 2854 1287 2918 consiliarius
1299 2856 1435 2919 aulicus
1447 2856 1482 2919 in
1496 2857 1578 2920 divo
1586 2857 1670 2919 Bla-

71 3118 117 3161 ero
136 3100 331 3181 psallentes
351 3100 387 3162 in
409 3102 514 3162 choro
536 3100 694 3183 virgines
715 3103 761 3163 ad
841 3098 1155 3181 congregationem
1178 3099 1397 3181 Blasianam,
1421 3100 1456 3161 in
1476 3100 1599 3182 primis
1616 3101 1668 3163 di-

71 3239 202 3304 merga
215 3222 504 3305 augustissimum
513 3222 635 3285 altaris
644 3243 760 3285 sacra·
799 3230 802 3352 Ι
839 3220 957 3300 ploma
980 3219 1203 3301 imperatoris
1228 3219 1372 3284 Ottonis
1388 3221 1432 3283 II.
1458 3222 1608 3304 primurn
1632 3233 1668 3287 et

71 3343 207 3427 nmagis
216 3346 651 3427 accenderentur,omnem
660 3366 759 3409 suam
799 3376 801 3432 Ι
839 3343 1069 3424 praecipuum
1100 3342 1318 3405 fundationis
1350 3363 1377 3407 s,
1405 3343 1517 3407 Blasii
1542 3343 1668 3407 funda-

71 3485 156 3529 ›nem
172 3486 215 3529 eo
234 3467 438 3549 dirigerent,
454 3468 665 3530 monialibus
681 3471 760 3530 bre·
798 3440 801 3579 Ι
839 3475 995 3528 mentum
1011 3473 1217 3545 suspectum
1237 3465 1400 3528 reddidit.
1424 3466 1558 3529 Verum
1574 3468 1668 3549 prin·

71 3586 312 3651 rexfacultate
321 3589 609 3652 sedisRomanae
618 3609 758 3671 novum,
798 3590 801 3635 ἱ
840 3608 925 3670 ceps
948 3606 969 3649 a
992 3586 1151 3670 piissima
1176 3587 1402 3668 imperatrice
1425 3588 1472 3651 M.
1497 3589 1668 3652 Theresia

798 3646 801 3735 Ι

71 3710 236 3772 arandum
249 3720 285 3774 et
298 3711 549 3773 dilaudandum
563 3712 629 3773 hoc
642 3712 758 3793 ipsum
838 3709 994 3793 benigne
1006 3719 1195 3791 susceptus
1211 3710 1373 3791 obtinuit,
1390 3722 1429 3772 ut
1441 3711 1475 3772 in
1489 3711 1572 3774 divo
1585 3712 1668 3774 Bla-

71 3831 224 3912 >pietatis
233 3821 462 3895 inscrutabile
471 3834 677 3915 mysterium
683 3854 759 3914 per·
798 3826 800 3867 Ι
839 3833 891 3895 sio
908 3833 1032 3895 novitii
1044 3832 1114 3894 iam
1127 3852 1219 3894 anno
1232 3832 1360 3895 aetatis
1372 3832 1541 3895 vicesimo
1553 3834 1667 3914 primo

71 3950 251 4035 ispositum
264 3963 299 4017 et
311 3955 585 4017 adcomodatum
600 3955 757 4037 tradidit,
838 3956 884 4017 ad
899 3954 1156 4037 professionem
1173 3953 1312 4017 admitti
1327 3965 1489 4036 possent;
1511 3955 1667 4036 diploma

71 4077 191 4139 ntinuo
215 4086 408 4158 uterentur,
433 4077 572 4139 omissis
596 4079 758 4140 omnibus
798 4056 801 4185 Ι
839 4077 982 4142 Ottonis
1002 4076 1170 4159 Friburgi
1191 4086 1227 4139 et
1241 4076 1402 4138 Viennae
1424 4077 1667 4140 authenticum

71 4195 130 4260 iam
142 4198 275 4261 domini
288 4208 324 4261 et
336 4199 482 4261 summis
492 4198 758 4262 festivitatibus.
798 4190 801 4211 '
838 4199 998 4282 agnitum
1024 4209 1059 4262 et
1084 4198 1314 4279 declaratum,
1338 4207 1374 4280 et
1395 4198 1561 4280 princeps
1587 4219 1666 4281 pre-

71 4318 155 4383 rium
175 4319 273 4383 istud
288 4320 323 4382 in
340 4321 479 4382 duabus
496 4320 666 4383 columnis
682 4329 759 4383 tex·
798 4374 800 4378 ,
838 4321 940 4384 tiosis
960 4320 1062 4383 donis
1086 4323 1132 4383 ab
1156 4320 1380 4402 imperatrice
1404 4330 1558 4402 ornatus,
1585 4340 1666 4403 gra·

71 4440 179 4504 ‚tinum
193 4452 229 4505 et
237 4442 436 4504 versionem
447 4441 694 4506 Germanicam
709 4443 759 4504 in·
798 4510 801 4545 Ι
839 4442 1028 4506 tiosissime
1045 4443 1211 4505 dimissus
1227 4453 1292 4507 est.
1312 4441 1515 4506 Secundum
1531 4442 1599 4506 iter
1613 4443 1665 4506 fe-

71 4563 231 4628 rfacilem
247 4565 418 4639 continet;
435 4567 586 4645 putabat
599 4565 759 4627 nimirum
798 4606 801 4666 Ι
840 4565 888 4629 cit
914 4586 1007 4628 anno
1039 4570 1129 4645 1776.
1157 4567 1323 4648 Ingratus
1350 4566 1408 4628 ille
1436 4576 1472 4629 et
1498 4564 1665 4646 perfidus,

71 4685 221 4769 virgines
234 4686 331 4768 istas,
345 4686 489 4768 linguae
498 4686 646 4749 Latinae
659 4687 759 4768 igna-
798 4750 801 4771 Ι
838 4708 946 4770 supra
962 4689 1163 4751 nominatus
1174 4687 1364 4750 Marcellus
1378 4685 1573 4750 Granicher
1589 4685 1664 4749 offi-

71 4806 138 4871 riori
155 4828 235 4872 cum
250 4808 396 4890 pietatis
411 4808 528 4871 fructu
548 4809 670 4891 lingua
691 4809 758 4871 sibi
798 4790 801 4863 Ι
838 4812 987 4876 cialibus
1010 4808 1233 4892 praesertim,
1263 4808 1322 4889 qui
1349 4807 1522 4871 reditibus
1548 4806 1664 4887 publi·

71 4931 120 4994 ula
140 4932 295 5013 psallere
318 4940 380 4994 aut
402 4951 543 5006 canere;
567 4951 689 4994 verum
712 4934 758 4993 ab
797 4868 800 4975 Ι
837 4935 888 4997 cis
903 4931 1191 4996 administrandis
1207 4931 1451 5012 augendisque
1467 4927 1664 5010 praepositi

71 5053 263 5135 uobtinuit,
280 5053 348 5116 nisi
364 5064 403 5116 ut
419 5062 521 5116 extra
538 5055 681 5117 chorum
696 5056 757 5116 ho·
838 5066 951 5138 erant,
976 5074 1184 5136 persuasum
1208 5072 1287 5115 esse
1310 5052 1432 5131 voluit,
1453 5050 1572 5112 domui
1592 5049 1663 5112 Au·

71 5175 198 5238 ronicas
217 5175 410 5238 recitantes
430 5177 593 5238 versione
611 5174 757 5239 Germa·
796 5164 799 5251 Ι
837 5178 988 5241 striacae
1005 5185 1206 5257 competere
1223 5174 1277 5236 ius
1294 5171 1482 5254 colligendi
1498 5171 1534 5233 in
1550 5170 1663 5233 tribus

71 5306 227 5361 :erentun
259 5297 424 5360 Ceterum
451 5298 665 5360 breviarium
690 5299 757 5360 hoc
837 5298 1011 5384 dynastiis
1027 5299 1215 5380 Blumegg,
1232 5294 1500 5377 Bettmaringen
1522 5302 1559 5357 et
1574 5291 1663 5357 Gut-

71 5421 311 5485 an·Blasianis
327 5422 537 5509 impressum
555 5441 659 5502 quam
680 5424 757 5504 plu·
796 5370 799 5467 Ι
836 5424 991 5505 tenburg
1006 5440 1086 5483 cum
1102 5429 1222 5483 monte
1234 5417 1454 5499 Beroviensi,
1471 5417 1567 5500 quod
1582 5436 1663 5498 pro-

1405 5523 1456 5573 16*
