4222 6106
991 505 1035 514 —
1079 469 1168 531 VIII
1211 507 1255 516 —

253 690 359 752 hodie
383 711 525 772 quoque
548 690 651 754 floret
674 702 782 773 atque
807 693 915 775 viget.
956 692 1026 773 Qui
1049 713 1134 756 vero
1159 715 1240 757 eum
1263 697 1432 758 serebant
1455 707 1491 758 et
1516 698 1699 780 colebant,
1724 699 1855 780 partim
1879 700 1995 763 Latini
2063 742 2068 750 ·

253 829 404 890 nominis
428 829 557 908 partim
581 830 801 893 Franconiae
825 840 862 893 et
884 831 1040 913 Angliae
1064 832 1227 895 monachi
1252 842 1363 895 erant.
1395 834 1450 896 Illi
1466 834 1635 915 Aquileia
1651 835 1814 918 profecti,
1838 838 1898 899 ubi
1922 858 1995 900 mo·
2055 906 2057 910 ,

253 967 410 1028 nasteria
433 986 460 1029 s,
484 968 628 1030 Ioannis
651 970 697 1030 ad
720 935 918 1049 Timavum,
942 989 969 1031 S.
994 970 1092 1032 Petri
1116 971 1152 1032 in
1175 971 1290 1033 insula
1314 993 1341 1035 s.
1366 972 1474 1053 Petri,
1500 992 1527 1034 s,
1551 973 1678 1036 Iuliani
1702 976 1737 1036 in
1762 975 1879 1037 insula
1904 977 1995 1038 eius-

254 1107 333 1167 dem
357 1105 521 1188 nominis,
545 1127 572 1168 s.
596 1106 737 1187 Hilarii,
762 1129 788 1169 s.
813 1107 998 1170 Michaelis
1022 1109 1056 1170 in
1081 1109 1308 1192 Cervignano
1331 1111 1475 1174 saeculo
1500 1111 1652 1192 septimo
1677 1122 1713 1174 et
1737 1123 1867 1176 octavo
1890 1134 1995 1196 regu-

252 1246 321 1306 lam
346 1266 373 1307 S.
397 1245 586 1307 Benedicti
609 1256 856 1327 susceperant,
886 1247 956 1309 alia
980 1257 1019 1309 ut
1043 1245 1156 1310 Sexto
1167 1250 1188 1328 ¹)
1214 1249 1249 1310 in
1272 1249 1365 1311 Foro
1389 1249 1479 1311 Iulio
1504 1260 1540 1312 et
1563 1249 1716 1331 Beligna
1744 1270 1857 1332 prope
1881 1238 1994 1332 Aqui-

252 1382 356 1444 leiam
379 1383 522 1445 saeculo
547 1394 674 1446 octavo
699 1395 734 1446 et
758 1404 850 1446 nono
882 1385 1025 1447 condita
1052 1396 1167 1466 erant,
1198 1383 1327 1448 Slavos
1345 1388 1531 1449 'australes
1560 1388 1670 1449 sacris
1694 1388 1903 1451 Christianis
1932 1390 1994 1451 im-

252 1522 416 1600 buerunt,
434 1521 468 1582 hi
485 1521 655 1602 gentibus
672 1520 905 1602 Germanicis
922 1531 1005 1583 ante
1022 1542 1143 1585 omnes
1160 1523 1335 1586 Baioariis
1352 1534 1388 1586 et
1404 1524 1471 1585 illis
1488 1523 1616 1605 SlaviS,
1639 1525 1699 1606 qui
1716 1526 1829 1588 valles
1846 1527 1992 1607 Alpium

252 1658 460 1720 Noriearum
483 1659 698 1740 incolebant,
721 1661 839 1721 lumen
862 1659 946 1723 fidei
970 1663 1219 1724 accenderunt.
1259 1660 1332 1725 Sed
1357 1664 1439 1725 dum
1463 1663 1528 1744 illi,
1554 1665 1741 1744 quominus
1769 1665 1992 1747 proficerent,

252 1796 361 1858 variis
395 1798 509 1859 turbis
518 1847 527 1878 ,
562 1818 654 1879 quae
689 1770 811 1860 litibus
848 1798 1023 1862 diuturnis
1055 1801 1335 1880 patriarcharum
1366 1801 1651 1881 Aquileiensium
1687 1811 1724 1864 et
1755 1801 1992 1865 Gradensium

253 1936 494 2016 augebantur,
518 1936 769 2017 Impediuntur,
793 1937 847 1999 his
870 1938 964 2000 latus
989 1958 1136 2019 campus
1159 1938 1293 2019 patuit,
1325 1939 1360 2000 in
1385 1958 1455 2019 quo
1479 1959 1600 2001 eorum
1624 1940 1736 2003 virtus
1760 1950 1796 2003 et
1819 1935 1993 2004 industria

253 2092 442 2135 excurrere
465 2082 616 2153 poterat.
653 2074 810 2163 Quorum
826 2075 960 2157 primus
977 2087 1053 2138 erat
1077 2096 1104 2140 s,
1120 2077 1318 2158 RupertuS,
1343 2077 1534 2158 episcopus
1549 2077 1834 2161 WormatiensiS,
1849 2080 1994 2172 propin·

253 2213 389 2293 quitate
413 2211 532 2272 domui
556 2212 676 2293 regiae
701 2213 999 2296 Merowingorum
1024 2214 1232 2276 coniunctus
1242 2215 1275 2294 ²).
1308 2214 1475 2294 Primum,
1497 2224 1535 2276 ut
1552 2215 1748 2277 doctrinam
1766 2215 1895 2278 Christi
1912 2236 1992 2296 pro-

252 2361 414 2433 pagaret,
439 2351 485 2411 ad
508 2351 651 2412 Avaros
674 2363 941 2432 properaverat.
980 2353 1068 2414 Inde
1083 2372 1249 2415 reversus
1273 2362 1350 2415 toto
1375 2353 1555 2415 animose
1580 2354 1718 2416 dedidit
1741 2356 1992 2417 convertendis

253 2489 439 2571 Baioariis,
464 2488 525 2550 ubi
549 2491 731 2571 complura
746 2491 961 2553 monasteria
979 2491 1146 2572 condidit,
1172 2511 1320 2572 quorum
1338 2491 1606 2553 celeberrimum
1624 2501 1702 2554 erat
1719 2494 1814 2573 quod
1831 2493 1865 2555 in
1881 2493 1992 2554 ruinis

253 2628 386 2689 veteris
409 2627 580 2689 Iuvaviae
604 2639 824 2692 exstructum
852 2629 1005 2710 principi
1033 2631 1275 2711 apostolorum
1304 2630 1577 2710 dedicaveratl).
1623 2629 1737 2691 Huius
1769 2631 1990 2710 praeclarum

253 2767 456 2847 exemplum
480 2768 588 2846 paulo
611 2776 694 2848 post
722 2767 781 2829 alii
809 2768 923 2829 secuti
951 2780 1033 2830 sunt
1060 2779 1099 2830 ut
1126 2789 1153 2831 s.
1182 2768 1413 2830 Emmeranus
1443 2777 1479 2830 et
1507 2788 1533 2830 s.
1559 2767 1811 2848 CorbinianuS,
1843 2788 1991 2848 quorum

253 2907 343 2967 alter
366 2905 591 2967 Ratisbonae
615 2908 706 2968 alter
729 2906 919 2969 Fraxiniae
944 2907 1115 2969 ecclesias
1143 2917 1179 2969 et
1208 2907 1422 2968 monasteria
1453 2905 1665 2968 aedificavit.
1712 2906 1847 2967 Horum
1881 2924 1992 2984 opera

254 3046 378 3106 domus
401 3044 502 3125 regia
526 3064 668 3125 quoque
685 3044 929 3107 Baioariorum
946 3044 1159 3127 Agilolfingi
1174 3046 1346 3127 multique
1369 3044 1508 3106 nobiles
1525 3043 1761 3106 Christianam
1782 3043 1990 3124 religionem
2007 3099 2011 3109 .

254 3183 409 3264 amplexi
426 3195 517 3245 sunt.
554 3181 626 3246 Sed
651 3184 848 3246 etiamtum
865 3185 990 3246 messis
1007 3185 1150 3266 quidem
1167 3205 1306 3267 magna,
1332 3182 1484 3265 operarii
1502 3192 1620 3244 autern
1644 3182 1759 3262 pauci.
1795 3181 1845 3242 Ut
1869 3199 1990 3242 eorurn

254 3342 420 3383 numerus
436 3333 638 3404 augeretur,
664 3323 769 3387 Odilo
795 3325 869 3385 dux
885 3323 930 3385 ad
947 3323 1059 3403 ripam
1076 3323 1299 3384 Lunaelacus
1316 3322 1351 3384 in
1367 3320 1518 3383 Austria
1535 3318 1717 3400 superiore
1733 3317 1815 3379 filiis
1832 3338 1858 3379 s.
1875 3317 1990 3378 Bene-

254 3459 339 3521 dicti
362 3480 491 3522 novam
515 3462 688 3523 coloniam
712 3460 904 3524 constituit.
935 3461 1014 3522 Huc
1039 3480 1086 3522 ex
1101 3460 1316 3522 monasterio
1333 3457 1538 3521 Cassinensi
1555 3455 1752 3536 duodecim,
1770 3466 1808 3517 ut
1824 3455 1991 3535 antiquus

254 3598 387 3659 ordinis
411 3617 488 3659 mos
512 3609 598 3681 erat,
623 3600 785 3662 monachi
806 3602 895 3662 duce
920 3620 946 3661 s.
964 3598 1134 3660 Pirminio
1159 3598 1329 3680 episcopo
1354 3599 1586 3676 advenerunt,
1610 3595 1669 3675 qui
1693 3596 1759 3655 sub
1778 3592 1990 3674 Opportuno

252 3937 499 4013 Transsylvania.
541 3940 665 3996 Croatia
692 3952 723 3995 et
750 3938 903 4009 Slavonia,
932 3939 1058 3995 Gallizia
1087 3952 1117 3995 et
1143 3940 1306 4005 Bucovina‚
1339 3935 1389 3994 ubi
1417 3957 1511 4013 parva
1535 3949 1582 3993 cst
1608 3938 1653 3992 vis
1678 3936 1764 3990 huius
1789 3935 1913 4001 ordinis,
1943 3936 1990 3990 hic

252 4051 391 4124 neglecta
415 4064 492 4107 sunt.

384 4160 405 4241 ¹)
429 4161 523 4219 Sexto
548 4163 699 4219 conditum
724 4165 845 4219 circiter
870 4160 940 4236 762,
965 4163 1089 4236 Religna
1112 4161 1293 4219 811-820.
1326 4162 1467 4236 Czdrnig,
1492 4158 1574 4215 Gdrz
1598 4160 1621 4215 l.

383 4272 405 4352 2)
430 4276 498 4343 Quo
524 4289 659 4351 ternpore
685 4275 732 4330 ille
756 4275 924 4351 Apostolus
947 4277 1152 4331 Baioariorum
1177 4277 1205 4330 in
1229 4273 1380 4351 publicum
1404 4272 1560 4349 prodierit,
1585 4290 1645 4327 non
1669 4274 1743 4328 satis
1769 4285 1899 4335 constat,
1924 4291 1990 4327 curn

254 4388 302 4444 alii
327 4387 450 4443 saeculo
474 4400 561 4443 sexto
586 4401 723 4455 exeunte,
748 4389 797 4443 alii
822 4401 949 4443 exeunte
973 4389 1102 4464 septimo
1126 4407 1193 4443 eum
1218 4386 1247 4442 in
1271 4385 1397 4442 medium
1423 4387 1614 4461 processisse
1637 4384 1831 4440 contendant.
1863 4384 1932 4452 Qua
1955 4384 1993 4438 (lc

254 4519 287 4556 re
311 4502 497 4575 scripserunt
521 4501 649 4573 Hansig‚
673 4501 745 4567 Fila,
770 4498 976 4573 Blumberger,
1000 4499 1217 4566 Mittermr'iller‚
1242 4497 1434 4553 Friedericus
1457 4494 1661 4552 Wattenbach
1685 4508 1715 4551 et
1738 4497 1797 4551 alii.
1837 4497 1912 4551 Cum
1934 4495 1992 4550 illis

255 4614 325 4670 lacit
349 4613 443 4669 Alois.
468 4612 574 4670 Huber
603 4616 632 4668 in
661 4631 755 4688 opere
780 4612 935 4686 eleganter
962 4613 1095 4687 scripto:
1130 4612 1206 4682 „Die
1229 4609 1419 4683 Einldhrung
1442 4608 1496 4665 des
1519 4609 1760 4665 Christenthums
1785 4609 1813 4662 in
1837 4607 1992 4664 Sildwest-

256 4725 493 4783 Deutschland.“
542 4725 589 4780 Ex
613 4738 699 4800 parte
723 4725 828 4779 horum
853 4737 911 4780 stat
935 4724 1053 4780 Riezler
1080 4726 1109 4778 in
1133 4742 1227 4799 opere
1250 4741 1346 4797 nuper
1369 4721 1467 4778 edito:
1499 4721 1702 4793 „Geschichte
1731 4740 1791 4777 von
1815 4721 1922 4776 Baiern
1946 4720 1989 4775 l.“

383 4836 406 4916 3)
431 4837 498 4894 Alia
516 4839 699 4892 monasteria
723 4855 780 4892 as.
799 4837 935 4911 Ruperto
952 4835 1073 4891 condita
1089 4848 1176 4891 erant
1191 4835 1267 4891 cella
1283 4854 1307 4891 s.
1325 4834 1518 4891 Maximiliani
1537 4836 1565 4890 in
1581 4835 1708 4908 Pongau
1725 4852 1821 4908 prope
1838 4831 1991 4888 Bischols-

255 4949 356 5017 hosen,
380 4970 459 5024 quae
482 4969 578 5024 usque
602 4949 639 5005 ad
663 4948 816 5005 saeculum
839 4948 1026 5005 undecimum
1050 4944 1204 5015 exstabat,
1235 4948 1448 5003 monasterium
1473 4945 1709 5012 Seekirchense‚
1739 4945 1940 5018 Oettingense
1964 4958 1993 4999 ct

255 5061 530 5136 Weltenburgense
554 5064 582 5117 in
606 5063 744 5118 Bavaria.
790 5061 867 5118 Vide
890 5051 1127 5135 Niedermayer,
1145 5061 1228 5132 „Das
1251 5059 1446 5116 Mouchthum
1475 5061 1504 5115 in
1532 5059 1744 5115 Baiouarien“.
1783 5059 1858 5113 Num
1890 5076 1992 5113 mona-

255 5176 347 5232 steria
370 5194 388 5230 a
411 5193 435 5230 S.
461 5175 598 5250 Ruperto
622 5177 785 5232 constituta
808 5174 942 5248 regulam
967 5194 991 5230 s·
1014 5173 1169 5230 Benedicti
1193 5185 1298 5229 secuta
1321 5174 1389 5240 sint,
1414 5190 1474 5227 non
1496 5173 1577 5227 omni
1593 5189 1631 5226 ex
1647 5184 1734 5247 parte
1751 5183 1879 5226 constat.
1913 5171 1992 5238 Quin

255 5290 345 5344 etiarn
369 5305 506 5360 magnam
531 5286 621 5343 habet
644 5286 889 5364 probabilitatem
913 5289 1063 5344 sententia
1083 5305 1197 5367 eorum,
1221 5288 1273 5360 qui
1296 5286 1373 5341 hanc
1397 5285 1531 5359 regulam
1548 5287 1675 5360 primum
1693 5302 1748 5359 per
1764 5303 1789 5340 s.
1808 5281 1992 5339 Bonisacium

162 5432 171 5447 ·
256 5414 286 5457 et
309 5403 338 5456 in
361 5401 574 5457 monasterium
598 5419 623 5456 s.
647 5402 727 5457 Petri
752 5414 782 5458 et
805 5403 833 5457 in
857 5401 972 5476 reliqua
996 5400 1145 5457 inductam
1168 5417 1238 5455 esse
1261 5398 1428 5454 adfirmant.
