4222 6106
1032 503 1070 512 —
1121 466 1288 531 XXVIII
1334 506 1375 513 -

336 690 469 753 factum
494 703 558 772 est,
582 701 620 752 ut
644 692 789 754 labente
813 690 1002 773 disciplina
1026 691 1133 754 etiam
1156 692 1311 773 studium
1334 695 1521 756 honesturn
1545 703 1581 758 et
1610 695 1742 777 agendi
1774 696 1940 759 alacritas
1971 716 2074 776 prae-

336 852 422 913 ceps
445 831 522 895 iret.

464 970 557 1032 Huic
575 969 768 1033 calamitati
785 969 937 1049 denique
953 989 975 1031 a
991 977 1171 1050 potestate
1189 970 1433 1033 ecclesiastica
1449 979 1485 1033 et
1502 971 1596 1033 civili
1612 972 1754 1035 obviam
1770 973 1868 1036 itum.
1898 973 2073 1035 Albrech-

336 1110 406 1173 tius
430 1111 473 1172 V.
498 1111 570 1171 dux
595 1108 807 1171 Austriacus
830 1107 1015 1170 Nicolaum
1039 1110 1083 1170 de
1106 1109 1376 1191 Diinkelspiihel
1406 1111 1538 1172 clarum
1567 1113 1750 1174 doctorem
1779 1113 1953 1176 rationem
1981 1113 2073 1175 ordi-

335 1252 389 1315 nis
412 1249 632 1313 instaurandi
658 1248 864 1330 excogitare
887 1247 990 1310 iussit
1018 1256 1054 1310 et
1085 1250 1131 1311 ad
1160 1268 1239 1311 eam
1267 1251 1514 1330 exequendam
1546 1250 1641 1313 viros
1672 1251 1858 1333 religiosos
1889 1270 1936 1313 ex
1967 1251 2073 1313 Italia

335 1389 529 1452 arcessivit.
561 1387 735 1450 Martinus
752 1388 795 1449 V.
812 1388 852 1449 P.
869 1388 916 1450 M.
941 1397 977 1450 et
1000 1387 1182 1449 consilium
1206 1387 1478 1452 Constantiense
1501 1400 1666 1453 auctores
1689 1389 1787 1453 fiunt.
1818 1390 1924 1470 Viris,
1941 1389 2071 1472 quibus

334 1528 544 1591 instauratio
575 1527 790 1589 demandata
822 1534 908 1604 erat,
940 1524 1107 1587 Nicolaus
1131 1524 1313 1609 Seiringer
1340 1527 1482 1590 Matzen
1513 1546 1559 1589 ex
1589 1527 1669 1590 vico
1693 1529 1863 1591 Austriae
1894 1528 2072 1591 inferioris

336 1665 520 1729 oriundus'
528 1663 692 1745 praefuit,
718 1663 837 1745 quiin
860 1664 1075 1727 monasterio
1099 1664 1308 1728 Sublacensi
1333 1660 1491 1728 eruditus
1516 1678 1602 1729 erat.
1647 1667 1748 1750 Opus
1781 1688 1883 1730 suum
1912 1672 1991 1746 1418
2021 1669 2072 1730 in-

336 1815 507 1887 ceperunt
529 1804 565 1867 in
589 1803 802 1866 monasterio
825 1803 1032 1884 Mellicensi,
1065 1803 1124 1865 ubi
1148 1803 1300 1866 Ioannes
1323 1804 1386 1867 Ill.
1411 1807 1525 1867 abbas
1549 1824 1693 1867 munere
1717 1825 1756 1867 se
1780 1806 2013 1868 abdicaverat
2036 1817 2072 1868 et

335 1944 503 2007 Nicolaus
526 1944 562 2005 in
586 1942 661 2004 eius
681 1943 797 2004 locum
812 1952 1044 2005 successerat.
1076 1942 1169 2004 Hinc
1188 1940 1431 2024 Gottwigium,
1449 1944 1723 2027 Altenburgum,
1741 1943 1860 2007 Cellae
1876 1944 2071 2025 Marianae,

334 2083 631 2163 Seitenstadium,
661 2080 888 2162 Gluniacum,
920 2080 1158 2143 Cremifanum
1189 2081 1481 2145 reformabantur.
1531 2080 1619 2144 Cum
1647 2081 1745 2146 Scoti
1772 2082 2072 2145 Vindobonenses

336 2233 479 2306 praeter
502 2222 681 2284 Hibernos
705 2230 741 2283 et
763 2219 891 2284 Scotos
915 2238 1128 2301 quemquam
1152 2219 1333 2302 suscipere
1361 2230 1566 2283 constanter
1597 2229 1802 2283 recusarent
1831 2231 1867 2284 et
1895 2232 2071 2284 monaste-

334 2363 424 2424 rium
440 2361 640 2441 relinquere
656 2368 920 2440 praeoptarent,
946 2359 1018 2420 dux
1039 2359 1130 2421 hanc
1155 2358 1398 2421 condicionem
1422 2359 1635 2422 auctoritate
1651 2360 1849 2441 apostolica
1871 2361 2012 2442 accepit
2036 2372 2071 2422 et

336 2498 436 2563 Scoti
463 2502 543 2576 1418
567 2497 783 2559 Vindobona
806 2504 1046 2559 excesserunt.
1078 2495 1334 2558 Monasterium
1350 2497 1514 2558 orbatum
1531 2495 1698 2560 Germani
1714 2499 1962 2578 possederunt.
1995 2498 2071 2561 Nec

335 2638 450 2701 minus
473 2636 680 2699 Eberhardo
703 2633 766 2696 III.
791 2633 1060 2715 archiepiscopo
1084 2631 1349 2716 Salisburgensi
1373 2635 1459 2697 ordo
1484 2645 1560 2698 erat
1591 2636 1698 2698 cordi.
1738 2636 1816 2717 Quo
1846 2649 1992 2700 auctore
2020 2638 2071 2699 in-

336 2777 509 2840 stauratio
533 2773 676 2854 ordiniS,
701 2793 780 2836 cum
804 2772 838 2834 in
863 2772 1011 2834 concilio
1035 2772 1244 2854 provinciali
1272 2777 1352 2851 1418
1376 2775 1556 2836 celebrato
1580 2775 1724 2837 decreta
1748 2785 1852 2856 esset,
1881 2797 1959 2853 1421
1988 2778 2070 2838 sub-

334 2917 461 3000 positis
483 2915 624 2998 legibus
648 2912 927 2977 Sublacensibus
958 2921 1087 2993 coepta
1117 2921 1153 2974 et
1185 2916 1261 2989 1431
1293 2932 1313 2973 a
1337 2911 1581 2975 Benedictinis
1610 2914 1657 2974 ad
1688 2932 1715 2976 s.
1739 2914 1885 2977 Petrum
1919 2924 2069 2997 accepta

335 3066 400 3119 est.
439 3055 596 3117 Eaedem
626 3053 727 3134 leges
757 3050 928 3132 paulatim
955 3050 1136 3112 monachis
1159 3050 1490 3132 Admontensibus,
1510 3050 1821 3134 Sanlambertinis,
1846 3053 2069 3116 Arnoldstei-

334 3195 512 3274 nensibuS,
537 3189 821 3270 OssiacensibuS,
846 3188 1150 3270 Sanpaulensibus
1172 3191 1346 3271 probatae
1370 3198 1461 3251 sunt.

464 3331 587 3412 Atque
612 3329 719 3392 etiam
743 3328 929 3390 concilium
946 3327 1154 3389 Basileense
1177 3328 1469 3390 monasteriorum
1494 3329 1774 3411 recognitionem
1798 3332 2069 3395 commendavit.

333 3474 459 3553 Itaque
482 3490 548 3551 per
564 3468 778 3531 cardinalem
794 3466 979 3528 Nicolaum
996 3464 1184 3546 Cusanum,
1208 3465 1415 3547 episcopum
1439 3465 1687 3528 Brixinensem
1715 3472 1792 3546 1451
1820 3488 1913 3531 nova
1937 3469 2070 3531 ordinis

336 3609 546 3674 instauratio
568 3607 733 3671 instituta
756 3616 820 3669 est.
859 3595 1055 3685 Postquam
1079 3603 1115 3664 in
1138 3603 1286 3666 concilio
1310 3602 1575 3687 Salisburgensi
1599 3625 1714 3667 novae
1737 3606 1837 3688 leges
1861 3606 2071 3687 propositae

336 3760 428 3829 sunt,
451 3748 497 3810 ad
523 3765 584 3807 eas
606 3744 826 3806 inducendas
849 3739 885 3806 i‘n
908 3742 1102 3823 Austriam,
1134 3741 1288 3823 Stiriam,
1321 3741 1547 3825 Carinthiam,
1576 3743 1767 3806 Bavariam
1798 3747 1950 3807 abbates
1978 3745 2072 3807 Mar-

334 3889 430 3952 tinus
454 3884 639 3950 Scotensis
663 3893 699 3945 et
722 3882 934 3945 Laurentius
957 3881 1094 3944 Mariae
1118 3881 1291 3945 Cellensis
1315 3892 1351 3945 et
1374 3879 1580 3964 Stephanus
1608 3882 1704 3964 prior
1726 3882 1942 3946 Mellicensis
1972 3884 2072 3946 missi

337 4036 428 4106 sunt,
452 4022 599 4086 Tirolim
614 4021 781 4084 Nicolaus
802 4021 879 4103 ipse
896 4021 964 4083 sibi
979 4023 1187 4086 reservavit.
1220 4022 1349 4083 Eorum
1366 4041 1451 4083 vero
1476 4021 1603 4084 nimiae
1624 4022 1807 4085 severitati
1823 4043 1893 4085 non
1909 4023 2072 4086 monachi

337 4164 490 4245 quidem,
517 4161 678 4242 episcopi
701 4169 819 4223 tamen
842 4160 1024 4222 Friderico
1048 4160 1297 4240 metropolitae
1321 4158 1586 4242 Salisburgensi
1616 4160 1748 4223 subditi
1776 4161 1994 4226 restiterunt.
2033 4163 2074 4225 ln

336 4301 445 4363 Tiroli
476 4310 595 4363 autem
631 4318 756 4362 severa
786 4297 938 4360 instituti
969 4297 1089 4379 operis
1120 4298 1305 4360 exsecutio
1336 4295 1587 4379 Sonnenburgi
1618 4299 1771 4360 maxime
1803 4299 1839 4361 in
1870 4299 2074 4362 monialium

338 4440 510 4503 coenobio
533 4438 860 4501 molestissimarum
890 4436 1143 4518 indignitatum
1173 4456 1296 4498 ansam
1326 4436 1443 4517 dedit,
1476 4437 1603 4517 quibus
1636 4437 1794 4500 diutinae
1826 4438 2073 4501 contentiones

339 4579 431 4642 inter
453 4576 652 4659 principem
676 4586 713 4639 et
736 4575 950 4640 cardinalem
973 4574 1090 4655 ipsum
1115 4574 1365 4637 excitabantur
1380 4578 1413 4656 ¹).

465 4716 534 4778 His
558 4715 874 4778 instaurationibus
896 4714 998 4776 brevi
1022 4723 1182 4795 tempore
1206 4713 1312 4777 toties
1340 4714 1504 4795 repetitis
1531 4714 1644 4777 ordini
1672 4713 1843 4796 pristinus
1866 4714 1970 4796 vigor
1997 4715 2075 4776 red-

338 4856 433 4917 ditus
458 4864 522 4935 est,
548 4874 628 4916 cum
652 4853 861 4933 praesertim
889 4873 1054 4914 manuum
1083 4872 1214 4934 operae
1247 4852 1414 4934 antiquus
1445 4854 1556 4915 honor
1585 4853 1770 4916 restitutus
1801 4863 1907 4915 esset,
1953 4852 2075 4915 Domi-

250 5047 252 5053 .
339 4993 456 5057 cilium
486 5013 571 5055 vero
603 5013 645 5055 ac
678 4994 782 5055 sedes
814 4990 946 5054 ordinis
974 4991 1166 5054 Mellicium
1198 5001 1291 5072 erat,
1324 4992 1422 5053 cuius
1455 4993 1556 5074 leges
1580 4989 1819 5054 Sublacenses
1843 4991 1890 5052 ad
1912 5000 2076 5072 tempora

339 5141 376 5194 et
405 5133 484 5193 loca
518 5132 790 5194 adcommodata
820 5151 841 5191 a
872 5150 1002 5213 magna
1036 5130 1329 5192 monasteriorum
1364 5149 1494 5208 corona
1525 5129 1810 5211 accipiebantur,
1849 5149 1941 5211 quae
1979 5130 2077 5192 haud

470 5409 491 5489 ¹)
515 5410 609 5468 Vide:
633 5411 752 5486 Jaeger,
776 5412 839 5467 Der
861 5410 1002 5468 Cardinal
1025 5410 1167 5467 Nicolaus
1190 5429 1250 5467 von
1274 5409 1363 5476 Cusa,
1388 5410 1411 5466 I.
1442 5409 1557 5483 Egger,
1582 5407 1766 5466 Geschichte
1789 5426 1849 5465 von
1873 5408 1971 5465 Tirol.
