4222 6106
922 471 1202 539 *194-

192 657 237 718 ad
261 659 490 734 111111111118117
518 653 725 736 (interiectis
749 654 886 735 aliquot
905 652 1019 734 annis)

190 777 257 839 fuit
271 777 486 860 (successivo
499 777 633 856 ordine)
648 776 890 839 missionarius
903 787 1018 859 apost.

191 898 508 980 Constantinopoli,
525 897 699 980 Smyrnae
721 906 757 960 et
780 896 1020 972 Giizelhissar;

190 1021 225 1083 in
247 1020 303 1082 his
331 1021 461 1083 ultimis
489 1022 627 1082 duabus
651 1019 856 1082 civitatibus
880 1019 1021 1102 peregit

190 1164 316 1206 munus
333 1162 474 1224 quoque
491 1141 683 1224 superioris
703 1141 739 1203 in
762 1142 924 1204 domibus
941 1143 1021 1205 mis-

97 1280 101 1288 ·
190 1265 300 1327 sionis
320 1265 487 1327 Mechith.
504 1265 678 1328 Viennen.
710 1264 816 1326 Anno
845 1266 1021 1342 1839-50

189 1387 398 1470 perfunctus
411 1397 465 1448 est
473 1386 613 1448 Romae
626 1405 771 1448 munere
780 1386 1020 1468 procuratoris

190 1506 478 1590 congregationis
502 1508 598 1588 apud
625 1527 651 1569 s.
677 1508 808 1569 sedem.
840 1509 901 1569 Ab
927 1528 1019 1571 anno

194 1633 272 1692 1855
286 1629 352 1691 fuit
362 1629 516 1691 vicarius
528 1629 706 1710 generalis
719 1630 1018 1712 congregationis,

189 1751 295 1814 Anno
321 1755 400 1829 1859
425 1752 620 1814 celebravit
645 1751 835 1814 sacerdotii
856 1752 910 1814 sui
931 1752 1020 1815 iubi·
1074 1818 1079 1826 ,

189 1873 314 1934 laeum.
339 1873 445 1935 Anno
465 1876 545 1935 1865
563 1874 753 1935 decoratus
774 1883 829 1935 est
845 1893 867 1934 a
883 1893 1019 1936 summo

189 1993 356 2075 pontifice
372 1994 438 2056 Pio
454 1994 521 2056 IX.
543 1995 646 2056 mitra
666 2003 702 2056 et
722 1994 852 2057 baculo
874 1995 1019 2078 (simpli-

189 2115 250 2195 cis)
272 2115 425 2178 abbatis.
461 2116 568 2178 Anno
596 2119 674 2194 1867
705 2114 919 2179 (1111011.
949 2117 1018 2179 iam

189 2237 397 2318 octuaginta
412 2236 517 2298 trium
530 2256 701 2299 annorum
717 2256 830 2300 senex
845 2237 881 2300 in
897 2257 1017 2300 mona-

188 2358 296 2419 sterio
311 2357 474 2419 Viennae
494 2357 553 2439 pie
569 2357 604 2419 in
620 2358 772 2421 Domino
792 2359 1016 2422 obdormivit.

276 2476 396 2560 Opera
423 2478 499 2540 eius
526 2478 562 2540 in
589 2479 778 2544 Neo-arm.
804 2480 890 2564 ling.
918 2481 1017 2564 typis

189 2599 299 2662 edita:

273 2727 297 2782 1.
326 2728 824 2816 171.71,7..717.1111111.77,
852 2730 871 2784 1.
899 2747 926 2784 e.
955 2728 1017 2785 De-

187 2832 312 2905 scriptio
329 2832 477 2899 Viennae,
502 2852 567 2888 cum
591 2831 739 2889 iconibus,
763 2833 913 2900 Viennae,
936 2834 1017 2908 typis

186 2934 326 2990 Mechith.
348 2933 437 3007 1829.

272 3038 309 3093 11.
328 3037 536 3123 {restarent
558 3039 682 3116 erbum·
705 3042 869 3116 iuremus
888 3041 906 3096 i.
925 3059 950 3095 e.
968 3040 1016 3096 ¹1¹·

186 3144 301 3198 stitutio
335 3144 363 3197 in
390 3142 527 3199 doctrina
553 3143 724 3198 christiana.
756 3143 908 3209 Viennae,
937 3146 1016 3220 typis

185 3247 324 3303 Mechith.
347 3246 438 3319 1859.

271 3350 324 3406 lll.
340 3351 518 3429 guallum
535 3351 870 3426 lppqpmfnpbmldpcb,
889 3353 907 3407 i.
922 3371 948 3408 1.
963 3352 1015 3407 Li.

185 3453 289 3511 herde
302 3455 495 3529 agricultura.
511 3456 655 3518 Viennae,
668 3458 748 3531 typis
760 3457 901 3512 Mechith.
915 3457 953 3512 ll.
968 3456 1015 3512 ed.

190 3559 280 3631 1870.

272 3686 448 3759 Vidmar
491 3698 793 3761 Constantinus
836 3701 1015 3762 Ioannes

186 3813 297 3877 Clim.
316 3813 570 3897 (Scotensis),
593 3816 671 3898 Log
694 3817 729 3878 in
751 3816 933 3879 Carinthia
957 3818 1014 3879 die

190 3944 237 4001 13.
255 3939 342 4018 Apr.
365 3942 439 3999 1851
461 3948 576 4018 natus,
598 3958 677 3999 cum
698 3938 875 4020 gymnasii
897 3938 1015 4000 studia

185 4059 314 4138 partim
328 4058 493 4139 Tergesti
509 4060 638 4139 partim
655 4061 700 4120 ad
715 4057 841 4122 Scotos
854 4059 1015 4121 Viennae

187 4179 410 4258 absolvisset,
436 4179 567 4240 ibidem
592 4200 618 4242 s,
639 4181 763 4242 habitu
788 4181 932 4243 indutus
958 4182 1015 4243 die

188 4322 237 4361 21.
264 4298 362 4381 Sept.
392 4304 481 4380 1860,
508 4300 645 4362 emissis
670 4301 763 4362 votis
787 4302 1016 4364 sollemnibus

187 4421 243 4483 die
267 4427 316 4482 28.
338 4420 438 4502 Sept.
460 4426 538 4498 1873
566 4420 827 4501 celebratisque
850 4421 1015 4502 primitiis

187 4542 244 4605 die
271 4547 320 4605 26.
342 4544 405 4606 Iul.
433 4548 512 4621 1874
541 4541 660 4604 statim
689 4562 795 4604 curae
822 4543 1015 4605 animarum

185 4666 348 4726 admotus
379 4683 472 4725 anno
508 4667 586 4741 1875
620 4663 904 4727 concionatorem
941 4665 1016 4746 egit

186 4786 530 4867 quadragesimalem
558 4785 593 4847 in
621 4786 790 4848 suburbio
813 4787 1014 4849 Vindobon.

186 4905 437 4988 Gumpendorf
456 4906 561 4969 dicto
587 4908 693 4969 Anno
719 4927 803 4971 vero
830 4913 907 4988 1877
936 4929 1015 4971 cum

186 5030 371 5091 catecheta
399 5029 526 5091 fuisset
556 5049 749 5091 excurrens
776 5030 925 5111 ibidem,
958 5031 1015 5093 die

188 5154 216 5210 ὁ.
234 5150 333 5229 Sept.
351 5156 428 5228 1877
448 5159 659 5231 cooperator
675 5151 802 5212 missus
819 5167 874 5213 est
890 5154 935 5213 ad
952 5172 1015 5232 pa-

186 5271 340 5333 rochiam
359 5272 570 5354 Eggendorf
582 5274 616 5334 in
632 5274 736 5352 valle,
753 5273 815 5335 ubi
831 5274 1014 5354 hucusque

186 5404 430 5454 commoratur.

1189 651 1302 735 Typis
1319 650 1444 713 edidit:

1188 778 1210 834 1.
1228 777 1292 833 Das
1305 776 1484 833 Testament
1495 794 1623 832 unseres
1636 776 1777 834 Erldsers
1792 777 1856 834 oder
1867 780 1901 836 die

1101 881 1206 939 sieben
1226 882 1336 937 Worte
1358 881 1470 937 Christi
1495 898 1541 936 arn
1566 882 1696 937 Kreuze.
1719 876 1795 959 (1.1.
1818 882 1900 939 Testa·

1101 1000 1231 1042 mentum
1253 985 1455 1060 redemptoris
1479 987 1586 1052 nostri,
1613 987 1777 1042 conciones
1799 986 1898 1060 quadra·

1100 1087 1283 1169 gesimales.)
1308 1090 1559 1164 Betrachtungen,
1580 1090 1724 1164 gehalten
1744 1092 1772 1145 in
1791 1089 1837 1146 der
1849 1091 1895 1148 1111.

1101 1196 1271 1251 Fastenzeit
1292 1192 1382 1266 1875,
1399 1193 1488 1250 nebst
1500 1195 1584 1250 einer
1597 1193 1816 1270 Osterpredigt.
1833 1195 1895 1250 1111.

1101 1296 1143 1355 80.
1161 1299 1305 1365 Viennae,
1321 1298 1377 1371 187
1382 1311 1410 1369 5,
1425 1299 1506 1372 typis
1518 1310 1549 1353 11
1557 1310 1668 1373 sumpt.
1678 1297 1799 1354 Henrici
1807 1298 1894 1354 Kirsch.

1187 1420 1224 1474 II.
1242 1419 1299 1475 Die
1315 1416 1420 1474 sieben
1432 1418 1542 1475 Worte
1558 1418 1614 1475 der
1630 1418 1774 1492 seligsten
1785 1418 1893 1494 Jungirau

1100 1526 1204 1581 Maria.
1222 1519 1291 1600 (1.1.
1310 1524 1356 1579 De
1371 1522 1564 1579 beatissimae
1580 1525 1707 1597 virginis
1719 1523 1824 1579 Mariae
1836 1526 1893 1581 voti·

1099 1627 1156 1684 bus
1180 1627 1359 1702 quibusdam
1389 1629 1552 1684 conciones
1578 1627 1703 1683 maiales
1729 1623 1851 1705 septem.)
1872 1628 1893 1683 h
1941 1651 1944 1659 ’

1100 1731 1179 1789 eben
1201 1751 1236 1789 so
1259 1732 1357 1788 vielen
1374 1732 1546 1804 Vortragen
1571 1729 1661 1788 nebst
1686 1733 1768 1788 einer
1789 1730 1892 1788 Schluss-

1099 1836 1301 1911 betrachtung
1317 1837 1458 1911 gehalten
1475 1835 1617 1892 wahrend
1639 1834 1695 1892 der
1709 1835 1892 1892 Μαί-1111111111

1103 1938 1182 2014 1877
1200 1941 1230 1996 in
1245 1939 1300 1996 der
1317 1941 1429 1998 Kirche
1445 1942 1540 1997 Maria
1553 1938 1667 1997 Schutz
1682 1940 1737 1997 der
1748 1941 1800 1997 ΡΡ.
1811 1940 1891 1996 liechi-

1099 2045 1246 2101 tharisten
1262 2047 1291 2101 in
1303 2045 1404 2101 Wien.
1426 2060 1437 2101 1
1454 2045 1513 2101 vol.
1532 2043 1574 2102 80.
1588 2046 1734 2112 Viennae,
1752 2043 1890 2119 1877,typi1

1098 2161 1130 2206 et
1144 2162 1254 2224 sumpt.
1271 2149 1309 2205 H.
1327 2149 1447 2206 Kirsch.

1184 2253 1238 2309 111.
1254 2252 1553 2328 Anthropologische
1570 2253 1772 2327 Psychologie
1790 2255 1815 2308 in
1831 2253 1889 2307 11111

1097 2357 1311 2431 Grundzfigen.
1325 2353 1354 2434 (i.
1365 2375 1392 2412 e.
1402 2357 1560 2413 Elementa
1573 2356 1790 2432 psychologiae
1801 2355 1889 2412 anthro-

1097 2459 1281 2540 pologicae.)
1302 2476 1313 2517 1
1333 2462 1393 2518 vol.
1410 2459 1453 2519 80.
1470 2461 1615 2528 Viennae,
1637 2460 1729 2519 1880.

1184 2566 1234 2622 IV.
1259 2566 1357 2641 Typis
1381 2583 1474 2640 porro
1499 2564 1631 2621 edendas
1656 2577 1743 2621 curat
1765 2565 1889 2621 conciones

1097 2669 1293 2726 dominicales
1306 2683 1335 2726 et
1347 2669 1499 2725 festivales
1514 2688 1532 2725 a
1545 2668 1745 2726 celeberrimo
1758 2667 1890 2725 1110111111-

1097 2791 1136 2830 no
1153 2773 1285 2829 Gretsch
1302 2771 1443 2829 Scotensi
1460 2770 1540 2850 (vide
1556 2771 1647 2852 hunc)
1668 2772 1782 2830 habitas
1799 2791 1844 2848 per
1855 2788 1889 2826 an-

1097 2896 1165 2933 num
1190 2880 1279 2952 inque
1303 2878 1390 2934 huius
1413 2875 1573 2953 biograph.
1598 2877 1689 2950 sub3
1716 2891 1889 2951 et4conne-

1096 2996 1239 3039 moratas.
1257 2983 1350 3055 4vol.
1368 2981 1410 3038 80.
1429 2997 1457 3038 2.
1472 2981 1518 3038 ed.
1536 2984 1726 3057 Brisgoviae,
1744 2981 1824 3049 1880,
1835 2980 1889 3054 typis

1097 3101 1127 3144 et
1143 3100 1253 3163 sumpt.
1271 3086 1398 3143 Herder.

1182 3233 1382 3308 Viechter
1412 3245 1657 3308 Bernardus
1688 3247 1723 3326 (a
1748 3267 1773 3309 s.
1797 3246 1888 3307 Petro

1097 3361 1365 3444 Salisburgi),
1387 3372 1492 3425 natus
1508 3364 1782 3447 Rattenbergae
1799 3363 1828 3424 in
1840 3361 1887 3440 Ty·

1095 3483 1160 3545 roli
1178 3503 1229 3546 20.
1240 3486 1334 3566 Aug.
1350 3489 1429 3564 1698
1443 3486 1570 3547 studiis
1584 3486 1835 3549 humanioribus
1845 3480 1888 3545 Sa-

1094 3606 1244 3688 lisburgi
1271 3606 1464 3688 absolutis,
1493 3627 1543 3669 20.
1570 3609 1666 3690 Aug.
1697 3612 1773 3686 1718
1797 3603 1888 3668 habitu

1095 3728 1289 3790 novitiatus
1314 3729 1468 3810 indutus,
1493 3750 1586 3792 anno
1611 3730 1773 3811 sequenti
1794 3727 1886 3790 eodem

1096 3847 1153 3909 die
1177 3858 1262 3911 vota
1290 3851 1486 3912 monastica
1514 3851 1641 3914 emisit.
1674 3851 1836 3915 Sacerdos
1854 3865 1887 3918 ²1·

1096 3970 1196 4052 Sept.
1229 3992 1306 4050 1722
1337 3972 1521 4034 ordinatus
1555 3972 1682 4034 officiis
1711 3969 1888 4035 catechistae

1095 4093 1130 4154 in
1148 4096 1268 4155 schola
1286 4095 1496 4176 domestica,
1519 4095 1761 4176 cooperatoris
1776 4087 1887 4156 Wictin·

1096 4236 1164 4298 gae
1188 4225 1223 4278 11
1240 4216 1528 4297 Abbatisaugiae
1549 4226 1586 4279 et
1606 4208 1888 4299 poenitentiariiin

1097 4338 1185 4399 colle
1195 4337 1556 4400 Mariano-Plainensi
1569 4339 1771 4400 successive
1782 4337 1890 4398 functus

1097 4467 1160 4522 est.
1186 4459 1244 4520 Ad
1262 4459 1515 4521 monasterium
1538 4462 1653 4522 redux
1677 4459 1824 4522 archivio
1839 4469 1889 4515 mo

1095 4581 1242 4642 nasterii
1258 4581 1462 4663 praefectus
1478 4602 1543 4662 per
1560 4603 1601 4643 20
1617 4601 1730 4644 annos
1746 4590 1891 4658 tamquam

1095 4701 1174 4782 apis
1187 4711 1439 4784 argumentosa
1452 4705 1631 4783 stupenda
1644 4702 1812 4766 industria
1822 4698 1893 4760 labo-

1094 4822 1188 4886 ravit
1204 4844 1317 4904 usque
1334 4826 1379 4886 ad
1397 4824 1490 4886 diem
1507 4846 1722 4908 supremum,
1747 4843 1831 4908 quae
1846 4816 1895 4880 fuit

1097 4967 1124 5007 2.
1142 4946 1246 5008 Mart.
1268 4950 1359 5024 1753.

1181 5091 1203 5144 I.
1223 5090 1269 5144 De
1282 5092 1342 5146 vita
1359 5103 1388 5146 et
1404 5086 1496 5146 rebus
1512 5093 1608 5165 gestis
1625 5089 1767 5147 abbatum
1780 5088 1901 5162 antiquis·

1095 5193 1160 5247 simi
1181 5196 1353 5249 monasterii
1371 5193 1408 5248 ad
1425 5213 1450 5250 s.
1468 5195 1589 5250 Petrum
1611 5213 1640 5250 o.
1658 5215 1682 5251 S.
1702 5196 1734 5255 B.
1759 5197 1807 5270 qui
1829 5190 1904 5249 eidem

1095 5299 1278 5352 monasterio
1302 5296 1340 5353 ab
1364 5317 1442 5353 anno
1467 5297 1527 5370 582
1554 5298 1764 5375 praefuerunt,
1788 5311 1906 5354 necnon

1054 5394 1056 5475 1
1094 5402 1280 5475 quorundam
1299 5405 1394 5477 magis
1411 5405 1569 5478 insignium
1586 5404 1812 5470 monachorum,
1828 5401 1910 5477 quiin
