4252 6112
518 1966 522 1975 Ι
715 1785 1330 1914 0000101011.

289 2342 374 2463 lam
402 2392 483 2464 fere
509 2415 607 2483 1400
626 2393 711 2464 anni
730 2409 827 2478 sunt,
857 2418 941 2466 cum
961 2419 990 2466 s.
1011 2394 1240 2466 Benedictus
1261 2392 1468 2465 occidentis
1488 2393 1759 2465 monachorum
1779 2410 1890 2490 pater

153 2580 192 2637 et
219 2564 444 2660 patriarcha,
474 2590 574 2637 anno
605 2571 680 2656 480
708 2566 871 2639 Nursiae
899 2566 934 2638 in
962 2566 1068 2639 ltalia
1097 2583 1208 2639 natus
1237 2565 1406 2638 ordinem
1435 2565 1640 2650 constituit,
1670 2565 1734 2659 qui
1762 2568 1812 2638 ab
1840 2590 1889 2638 00

152 2738 482 2810 Benedictinorum
510 2764 647 2811 nornen
676 2740 837 2835 accepit.
881 2740 955 2831 Qui
984 2743 1080 2812 ordo
1110 2740 1216 2812 brevi
1240 2753 1346 2810 tanta
1366 2738 1595 2810 incrementa
1615 2738 1727 2833 cepit,
1756 2755 1798 2810 ut
1821 2764 1890 2834 per

152 2926 274 2982 totum
302 2909 383 2982 fere
411 2926 593 2983 terrarum
623 2914 755 2983 orbem
782 2928 1022 3008 propagatus
1051 2913 1166 2984 multa
1195 2912 1293 2984 milia
1324 2912 1513 2985 hominum
1546 2912 1741 3006 utriusque
1774 2935 1889 2983 sexus

151 3084 484 3178 complecteretur,
521 3084 583 3178 qui
611 3086 662 3155 ad
689 3083 808 3178 patris
845 3085 901 3155 sui
938 3086 1110 3179 regulam
1145 3100 1184 3155 et
1217 3099 1427 3179 praecepta
1459 3084 1573 3156 vitam
1607 3084 1814 3178 dirigentes
1852 3097 1891 3154 et

151 3281 247 3327 suae
276 3273 314 3329 et
342 3257 499 3329 aliorum
528 3258 639 3329 saluti
666 3246 854 3329 humanae
883 3274 998 3352 atque
1027 3272 1209 3329 aeternae
1241 3256 1442 3328 salubriter
1470 3256 1739 3328 consuluerunt
1766 3279 1812 3327 ac
1840 3257 1889 3326 de

152 3429 350 3524 republica
378 3429 578 3502 christiana
606 3456 680 3502 non
710 3430 828 3502 minus
857 3455 969 3524 quam
998 3433 1047 3503 de
1077 3432 1179 3502 cultu
1206 3430 1370 3501 humano
1396 3430 1538 3525 optime
1563 3427 1683 3502 meriti
1707 3443 1804 3500 sunt.
1842 3429 1888 3513 13,

152 3603 324 3696 quamvis
354 3618 565 3699 temporum
595 3602 889 3688 calamitatibus
926 3601 1140 3687 discordiiS,
1175 3601 1441 3674 certaminibus
1475 3627 1550 3674 non
1579 3604 1696 3674 semel
1723 3600 1892 3697 graviter

153 3801 364 3848 concussus
393 3792 508 3860 esset,
537 3792 663 3847 tamen
693 3801 814 3848 novas
838 3801 989 3871 semper
1013 3775 1116 3870 cepit
1139 3774 1239 3847 vires
1258 3777 1461 3870 laetosque
1480 3775 1624 3848 fructus
1643 3775 1736 3860 tulit,
1765 3800 1890 3868 neque

153 3950 188 4020 in
218 3974 265 4020 eo
294 3973 459 4042 unquam
488 3947 554 4019 viri
584 3950 786 4022 defuerunt
814 3948 977 4046 ingenui,
1008 3948 1071 4043 qui
1100 3973 1275 4044 magnam
1303 3948 1455 4043 pietatis
1476 3964 1514 4021 et
1534 3948 1730 4021 doctrinae
1753 3948 1891 4020 famam

151 4125 269 4216 longe
296 4123 451 4215 lateque
481 4121 754 4195 diffundebant.
810 4125 858 4194 Et
885 4148 958 4194 non
987 4147 1130 4218 parvus
1159 4138 1218 4194 031
1246 4148 1422 4234 00010103
1450 4147 1599 4207 eorum,
1629 4121 1692 4216 qui
1720 4122 1754 4193 in
1783 4121 1892 4194 huius

154 4294 295 4366 ordinis
323 4295 560 4368 monasteriis
589 4295 813 4368 conformati
841 4295 1022 4392 dignique
1042 4311 1129 4366 sunt
1148 4294 1285 4379 effecti,
1316 4297 1431 4366 modo
1451 4294 1515 4388 qui
1539 4319 1720 4366 summam
1740 4320 1769 4367 3.
1789 4294 1892 4367 Petri

154 4470 286 4540 sedem
315 4470 632 4554 conscenderent,
667 4472 782 4541 modo
816 4468 879 4563 qui
908 4467 1167 4553 cardinalium,
1201 4467 1591 4563 archiepiscoporum,
1626 4467 1891 4562 episcoporum

155 4641 344 4737 dignitate
374 4641 496 4713 ornati
524 4644 669 4736 populo
697 4642 900 4714 christiano
928 4657 1163 4737 praeessent.

285 4816 361 4886 lam
390 4839 496 4899 ver0,
526 4839 639 4908 quam
668 4815 908 4887 laudabiliter
936 4839 959 4886 a
987 4813 1113 4908 primis
1141 4813 1307 4887 exordiis
1336 4816 1386 4886 ad
1413 4831 1581 4886 nostram
1609 4835 1732 4906 usque
1752 4837 1892 4885 memo-

154 4987 248 5059 riam
285 4987 320 5058 in
357 4987 487 5059 animis
526 4990 576 5059 ad
612 4987 795 5082 pietatem
832 4987 1112 5060 conformandis
1148 5003 1187 5060 et
1224 4987 1375 5083 optimis
1408 4985 1552 5059 artibus
1580 4985 1751 5057 colendis
1781 5009 1892 5058 occu-

155 5173 271 5256 patus
298 5160 422 5245 luerit,
451 5185 498 5231 ne
529 5159 552 5231 ii
580 5159 734 5254 quidem
753 5159 936 5246 homines,
967 5161 1030 5255 qui
1058 5176 1229 5234 naturam
1249 5160 1352 5233 vitae
1380 5158 1615 5231 monasticae
1644 5184 1720 5231 non
1749 5184 1893 5254 cogno-

154 5349 303 5419 verunt,
340 5336 400 5407 vel
433 5336 529 5407 male
567 5331 698 5436 edocti
735 5332 768 5405 ei
808 5336 1076 5421 adversantur,
1112 5348 1267 5430 negant.
1322 5335 1408 5406 Hos
1440 5330 1537 5405 enim
1571 5333 1782 5406 monachos
1818 5355 1896 5403 non

1654 5469 1669 5502 a
