4252 6112
912 452 1263 547 —160—¹

272 663 323 718 III.
340 663 373 717 In
391 662 501 717 D·I)ur
516 674 587 718 octo
605 662 723 728 missac,
746 678 802 735 pro
823 676 842 732 4
859 678 926 716 voc.
949 678 1015 715 cum

186 769 319 822 instrum.

272 871 322 928 IV.
340 871 373 926 In
389 870 416 927 A
432 871 509 927 duae
526 873 645 938 missae,
663 872 742 927 item.

271 976 307 1032 V.
325 976 357 1031 In
374 978 397 1031 F
414 990 475 1033 tres
491 977 610 1043 missae,
628 977 708 1032 item.
728 1022 733 1034 .

272 1080 322 1136 VI.
340 1080 373 1134 In
389 1081 411 1135 B
428 1099 486 1135 una
502 1082 602 1147 missa,
619 1081 699 1135 item.

273 1184 339 1240 VII.
357 1185 389 1240 In
405 1185 432 1240 E
449 1203 506 1239 una
523 1186 624 1249 missa,
642 1186 721 1240 item.

273 1289 354 1345 VIII.
370 1289 402 1344 ln
420 1289 461 1344 Es
479 1302 541 1345 tres
559 1290 677 1356 missae,
694 1291 775 1345 item.

276 1393 326 1450 IX.
347 1394 441 1449 Missa
457 1393 646 1449 adventualis
662 1411 718 1469 pro
732 1392 893 1449 dominica:
914 1389 1016 1462 ,Gau-

188 1496 274 1553 dete“
294 1499 323 1552 in
339 1497 366 1552 D
383 1499 479 1554 minor
495 1516 551 1573 pro
568 1513 587 1570 4
601 1497 701 1554 vocib.
719 1516 786 1553 cum
802 1496 1015 1553 instrumentis.

274 1602 310 1658 X.
327 1602 420 1657 Missa
436 1615 537 1658 rorate
553 1603 582 1657 111
599 1602 633 1666 C,
650 1603 731 1657 item.

273 1706 325 1761 XI.
343 1706 435 1761 Missa
451 1706 614 1781 pastoralis
630 1707 659 1760 in
675 1706 709 1772 C,
727 1707 808 1762 item.

273 1809 340 1864 XII.
358 1811 452 1866 Missa
468 1810 630 1886 pastoralis
647 1811 675 1866 in
691 1810 728 1877 E,
745 1812 825 1866 item.

273 1914 355 1969 XIII.
371 1915 465 1971 Missa
480 1914 642 1991 pastoralis
658 1916 687 1969 in
704 1913 740 1980 A,
759 1916 838 1971 item.

273 2019 354 2076 XIV.
379 2019 465 2075 Duae
485 2021 595 2075 missae
616 2018 654 2075 de
674 2019 821 2094 Requiem
844 2020 872 2074 in
888 2018 931 2074 Es
947 2017 1016 2074 etC

190 2124 294 2179 minor.
719 2194 722 2199 ,

274 2228 339 2284 XV.
357 2226 534 2296 Quindecim
551 2227 707 2303 Vesperae
723 2226 872 2283 diversae.

274 2331 354 2388 XVI.
371 2332 509 2387 Litaniac
526 2331 563 2388 de
579 2351 603 2387 s.
620 2333 745 2387 Nomine
761 2331 830 2387 lesu
852 2333 881 2386 in
897 2331 940 2387 Es
961 2349 1017 2407 pro

188 2452 208 2509 4
224 2453 292 2491 voc.
309 2455 376 2491 cum
393 2437 476 2491 instr.

274 2540 369 2596 XVII.
387 2541 595 2616 Responsoria
611 2558 668 2616 pro
684 2558 709 2596 s.
726 2539 855 2596 Triduo.

275 2644 384 2701 XVIII.
400 2644 536 2700 Psalmus
552 2659 605 2717 50.
625 2645 771 2700 Miserere
789 2645 817 2700 in
833 2644 868 2712 F,
889 2646 918 2700 in
934 2643 968 2711 C,
988 2645 1017 2700 in

129 2762 133 2769 “
188 2750 213 2805 F
230 2750 335 2815 minor,
352 2751 382 2804 in
398 2749 432 2816 C,
450 2750 479 2803 in
494 2749 547 2814 Es,
565 2750 594 2803 in
610 2747 639 2805 G
655 2750 761 2805 minor.

275 2853 356 2908 XIX.
373 2854 520 2909 Illotettae
536 2853 573 2909 de
590 2854 623 2908 B.
639 2854 679 2908 sl.
697 2852 733 2909 V.
751 2864 831 2908 oct0.

275 2958 341 3013 XX.
357 2958 505 3013 Motettae
521 2957 558 3014 de
575 2958 694 3014 Sanctis
710 2956 798 3012 duae.
830 2951 839 2970 ⁸

275 3062 355 3116 XXI.
373 3059 536 3117 Tenebrae
553 3063 582 3116 in
598 3062 621 3116 B
637 3075 667 3117 et
683 3062 717 3117 F.

274 3166 369 3221 XXII.
387 3163 591 3241 Symphoniae
608 3179 664 3222 etc.

273 3330 431 3403 Haberl
465 3343 699 3406 Norbertus
731 3342 1014 3425 (Mellicensis)

189 3461 234 3522 ab
251 3460 408 3522 honestis
421 3461 637 3542 parentibus,
655 3461 792 3542 praedii
807 3461 842 3524 in
854 3461 1021 3524 Leestorf

189 3600 302 3663 prope
323 3583 478 3644 thermas
501 3583 696 3645 austriacas
721 3582 1017 3646 administrationi

189 3703 426 3767 servientibus
442 3705 652 3787 progenitus
670 3705 727 3767 die
745 3710 794 3768 25.
811 3705 915 3769 Mart.
938 3710 1016 3783 1809

187 3826 284 3890 vitae
306 3827 425 3889 lumen
448 3827 544 3909 adiit,
569 3838 605 3890 et
628 3828 786 3891 scientiis
806 3827 1017 3890 humaniori-

188 3949 256 4009 bus
276 3948 312 4009 in
332 3948 520 4030 gymnasio
538 3948 745 4030 Mellicensi,
764 3949 1017 4032 philosophicis

190 4067 337 4131 Cremsii
364 4068 540 4151 excultuS,
569 4070 626 4132 die
658 4092 682 4133 1.
707 4071 797 4135 Nov.
826 4071 909 4134 anni
938 4075 1017 4133 1826

190 4211 217 4253 s.
235 4190 421 4253 Benedicti
436 4199 575 4254 vestem
591 4191 714 4281 induit,
736 4192 864 4255 deinde
880 4195 1018 4256 sollem-

190 4313 294 4376 nibus
310 4311 441 4373 ordinis
458 4311 552 4374 votis
572 4314 719 4395 emissis,
736 4314 793 4375 die
806 4312 923 4378 aoct.
939 4317 1020 4376 1830

190 4434 326 4517 gremio
353 4433 552 4497 Mellicensi
580 4436 795 4519 adscriptus,
822 4435 1019 4499 litterarum

190 4556 470 4639 theologicarum
483 4557 600 4620 studio
614 4558 708 4620 domi
721 4558 894 4641 confecto,
904 4578 1019 4623 sacer-

191 4680 287 4743 dotio
310 4679 542 4761 inauguratus
566 4679 623 4741 die
647 4702 696 4742 22.
718 4680 806 4762 Apr.
833 4685 911 4743 1832
936 4701 1019 4744 neo·

190 4813 325 4888 mystes
357 4802 618 4865 sanctissimum
648 4803 778 4866 missae
808 4803 1043 4868 sacrificium·

190 4925 340 5009 peregit.
376 4925 483 5007 Anno
517 4930 597 5004 1834
628 4927 676 4987 ad
702 4926 833 4989 veteris
863 4925 1018 4989 foederis

190 5049 460 5131 linguarumque
471 5047 692 5111 orientalium
702 5048 939 5131 cognitionem
950 5050 1019 5112 cle·

191 5169 271 5232 ricis
292 5171 500 5232 tradendam
520 5180 680 5252 vocatus,
702 5172 907 5233 cathedram
927 5171 1018 5234 hanc

192 5310 283 5352 anno
299 5295 377 5354 1830
391 5312 469 5354 011111
480 5271 663 5355 convictus
677 5292 852 5374 dirigendi
864 5312 1017 5377 munere,

110 5414 126 5449 ⁸
193 5412 249 5474 cui
280 5414 417 5476 duobus
449 5414 549 5476 annis
580 5415 712 5494 elapsis
744 5416 951 5477 catechetae
983 5414 1017 5477 in

1095 650 1282 734 gymnasio
1310 649 1507 712 Mellicensi
1523 648 1690 712 'officium
1718 650 1933 731 accedebat,

1096 783 1311 835 commutare
1342 772 1478 844 iussus,
1513 772 1580 834 hoc
1612 772 1775 835 instituto
1806 781 1931 835 autem

1048 898 1050 903 '
1096 897 1235 957 duobus
1259 894 1433 957 classibus
1458 903 1572 976 aucto,
1597 913 1690 957 anno
1718 898 1799 972 1848
1824 894 1931 958 simul

1095 1016 1351 1099 planimetriae,
1372 1021 1448 1079 1851
1473 1016 1641 1078 historiae
1662 1015 1877 1080 universalis
1894 1026 1932 1079 et

1095 1139 1244 1222 patriae,
1265 1148 1392 1219 postea
1412 1138 1556 1221 linguae
1572 1138 1720 1202 Latinae
1743 1140 1931 1202 docendae

1096 1261 1277 1342 professor
1304 1260 1503 1323 nominatus
1531 1270 1596 1325 est.
1631 1260 1714 1324 Fuit
1741 1262 1930 1343 praeclaro

1097 1382 1177 1445 huic
1187 1382 1262 1444 viro
1271 1393 1344 1445 tam
1356 1403 1435 1445 rara
1444 1383 1573 1446 aetatis
1588 1383 1751 1446 Iuvenilis
1764 1383 1931 1467 ingenuis

1096 1504 1240 1567 artibus
1249 1504 1476 1568 instruendae
1492 1505 1668 1586 bonisque
1684 1504 1843 1568 moribus
1859 1505 1930 1569 for-

1096 1628 1246 1689 mandae
1264 1627 1470 1708 dexteritas
1492 1636 1532 1691 ut
1546 1646 1568 1689 a
1585 1626 1721 1690 cunctis
1739 1627 1854 1710 ipsIus
1870 1649 1929 1693 cu·

1096 1767 1157 1810 rae
1171 1747 1311 1812 traditis
1320 1768 1389 1811 non
1399 1732 1542 1812 minoris
1554 1748 1813 1833 aestimaretur,
1823 1771 1930 1832 quam

1097 1869 1270 1953 singulari
1300 1890 1419 1934 amore
1450 1873 1761 1955 complecteretur,
1792 1892 1929 1956 eosque

1097 1993 1244 2073 perenni
1255 1993 1447 2074 gratissimi
1460 1993 1495 2056 in
1508 1994 1717 2076 magistrum
1729 2004 1767 2059 et
1775 1995 1929 2059 amicum

1097 2123 1284 2194 paternum
1300 2114 1407 2177 animi
1424 2116 1566 2178 vinculo
1582 2115 1650 2178 sibi
1666 2117 1861 2180 obstrictos
1876 2119 1927 2181 vi·

1098 2237 1208 2298 deret.
1233 2234 1292 2300 Sic
1315 2238 1630 2318 praestantissimis
1652 2239 1785 2322 ingenii
1806 2240 1929 2304 animi-

1097 2377 1166 2438 que
1194 2358 1351 2441 dotibuS,
1380 2370 1416 2422 et
1443 2362 1538 2441 quod
1565 2361 1674 2441 pluris
1702 2371 1771 2444 est,
1796 2382 1929 2446 magno
2006 2434 2009 2443 .

1096 2478 1282 2561 virtutum,
1312 2501 1404 2561 quae
1428 2482 1620 2565 hominem,
1644 2494 1926 2567 praeceptorem,

1097 2590 1319 2664 sacerdotem
1346 2612 1383 2666 et
1408 2604 1505 2667 vitae
1532 2605 1720 2688 religiosae
1747 2607 1929 2671 addictum

1097 2725 1225 2787 decent
1263 2738 1460 2808 ornantque
1500 2748 1644 2790 numero
1682 2730 1927 2813 resplendens,

1096 2846 1340 2928 augustissimi
1359 2859 1395 2911 et
1415 2849 1679 2913 clementissimi
1701 2852 1927 2933 imperatoris

1095 2967 1275 3031 Francisci
1302 2970 1445 3050 Iosephi
1472 2971 1667 3052 diplomate
1694 2974 1752 3036 die
1782 2979 1812 3038 5.
1839 2974 1926 3038 Dec.

1100 3093 1180 3151 1850
1201 3090 1412 3175 subscripto,
1434 3093 1572 3155 civibus
1594 3114 1703 3157 aurea
1722 3096 1927 3160 meritorum

1096 3231 1199 3274 cruce
1212 3232 1291 3275 cum
1305 3232 1435 3276 corona
1449 3216 1625 3279 decoratis
1638 3218 1786 3300 adiungi
1803 3219 1928 3302 digna·

1096 3343 1154 3396 tus
1170 3344 1238 3409 est;
1256 3355 1325 3416 quo
1338 3355 1431 3398 novo
1444 3356 1557 3418 eoque
1574 3338 1705 3422 insigni
1717 3342 1763 3402 ad
1775 3341 1927 3404 honesta

1097 3465 1133 3519 et
1148 3457 1369 3538 praestantia
1382 3459 1529 3539 quaevis
1542 3461 1698 3524 enitendi
1712 3463 1855 3526 stimulo
1867 3466 1927 3526 ad·

1097 3578 1185 3661 dito,
1213 3580 1413 3643 continuam
1441 3582 1691 3665 assiduamque
1722 3587 1926 3649 muneribus

1097 3699 1165 3762 sibi
1192 3703 1415 3765 demandatis
1442 3724 1586 3785 operam
1611 3726 1742 3769 navare
1770 3727 1841 3770 non
1868 3710 1928 3771 de·

1097 3822 1198 3904 stitit,
1215 3825 1327 3887 donec
1345 3825 1401 3887 die
1420 3846 1447 3905 7.
1462 3824 1561 3908 Sept.
1579 3827 1613 3890 in
1630 3828 1771 3892 vineam
1784 3829 1927 3892 Domini

1098 3946 1282 4008 colendam
1312 3949 1505 4011 translatus
1536 3949 1723 4030 parochiae
1754 3951 1927 4014 Leobers-

1098 4067 1254 4129 dorfensi
1279 4072 1460 4152 regendae
1487 4070 1753 4153 praeficeretur,
1781 4074 1845 4135 ubi
1872 4092 1927 4136 ec-

1099 4190 1228 4252 clesiae
1241 4190 1397 4272 parietes
1408 4185 1644 4276 fornicesque,
1660 4193 1804 4257 Ioannis
1815 4193 1928 4259 Schil-
1957 4266 1962 4272 ,

1100 4312 1182 4375 cher
1203 4313 1421 4376 celeberrimi
1437 4315 1674 4379 Vindobonae
1690 4316 1839 4397 pictoris
1854 4317 1927 4381 lau·

1100 4435 1283 4498 (latissima
1303 4457 1408 4499 manu
1431 4439 1604 4521 exornati,
1624 4450 1764 4521 gratam
1780 4440 1928 4521 parochi

1098 4561 1190 4622 bene
1214 4559 1381 4622 merentis
1404 4561 1608 4622 memoriam
1629 4561 1832 4642 posteritati
1855 4582 1928 4624 ser·

1098 4684 1242 4743 vabunt.
1270 4681 1325 4744 Ibi
1349 4682 1449 4743 brevi
1474 4691 1633 4764 tempore
1656 4683 1808 4746 adversa
1830 4684 1927 4747 vale·

1098 4804 1220 4865 tudine
1237 4801 1401 4865 afflictari
1418 4804 1546 4885 coepit,
1569 4823 1660 4885 quae
1681 4815 1808 4885 postea
1828 4824 1928 4869 recu·

1099 4927 1279 5007 perandae
1296 4925 1458 4988 sanitatis
1475 4945 1575 5008 spem
1591 4926 1697 4988 valde
1714 4927 1857 4991 dubiam
1874 4947 1942 5004 re-,
2004 5015 2010 5030 ι

1098 5046 1215 5130 liquit,
1257 5067 1336 5110 cum
1374 5048 1521 5131 malum,
1556 5069 1627 5131 quo
1665 5049 1853 5114 laborabat
1892 5051 1927 5114 in

1098 5170 1239 5251 hepatis
1267 5170 1466 5252 atrophiam
1493 5170 1646 5252 indeque
1675 5183 1837 5235 exortam
1862 5174 1926 5256 hy·

1099 5293 1257 5374 dropisin
1288 5295 1539 5376 degeneraret,
1575 5294 1809 5378 omnibusque
1839 5295 1927 5360 artis

1098 5415 1262 5477 remediis
1285 5415 1485 5480 obsisteret.
1508 5415 1576 5478 Die
1599 5437 1627 5479 2.
1643 5415 1719 5480 Iun.
1740 5416 1822 5480 anni
1844 5422 1923 5482 1862
