4222 6106
702 499 751 512 „
810 486 879 557 525
938 510 988 517 „-

71 673 172 755 lypis
189 672 315 735 edidit:

74 860 81 873 .
99 814 244 873 Heinrich
259 835 319 872 von
335 816 515 889 Morungen,
537 833 591 869 aus
613 813 679 869 dem
695 814 805 870 Mittel·

73 922 218 979 eutschen
233 920 372 976 metrisch
387 917 580 991 iibertragen.
598 914 627 996 (i.
642 937 668 973 e.
682 919 804 974 Henrici

75 1037 187 1102 poetae
211 1025 422 1097 Morungensis
451 1025 613 1078 carminum
642 1024 669 1077 in
699 1040 805 1078 verna-

83 1126 207 1208 versio.)
224 1144 235 1185 1
249 1129 310 1185 vol.
324 1128 366 1185 8⁰.
381 1129 480 1193 lenae,
496 1126 586 1199 1875,
597 1139 658 1201 typ.
671 1125 805 1181 Eduardi

71 1253 144 1290 man.

71 1396 263 1468 Wiilberz
277 1403 519 1468 Stanislaus
535 1401 805 1485 (San-Blasia·

71 1573 73 1584 .
98 1522 213 1584 Natus
236 1531 292 1584 est
312 1521 347 1583 in
368 1520 559 1601 Esslingen
575 1520 610 1580 in
627 1520 806 1581 Wiirtem·

71 1645 99 1706 ia
116 1643 174 1706 die
192 1647 220 1706 5.
237 1642 327 1704 Nov.
349 1646 444 1718 1095;
469 1661 496 1704 s.
516 1640 641 1702 habitu
663 1641 806 1702 indutus

71 1786 116 1829 vo
140 1765 261 1828 Blasio
267 1814 276 1846 ,
302 1764 518 1826 sollemniter
541 1762 725 1844 professus
750 1762 806 1824 die

71 1891 138 1951 lec.
165 1892 260 1968 1713,
285 1887 453 1947 sacerdos
477 1885 661 1946 ordinatus
685 1903 806 1945 mense

71 2045 72 2054 .
102 2028 192 2087 ¹720·
221 2006 293 2069 Vix
316 2007 421 2069 trium
445 2025 616 2068 annorum
640 2007 807 2068 sacerdos

73 2129 208 2192 batiam
225 2138 420 2209 assumtus,
444 2127 627 2208 sacellani,
649 2127 808 2189 archiva·

71 2251 263 2314 enovatoris
280 2260 315 2312 et
331 2249 590 2312 ratiocinatoris
607 2249 726 2310 munia
743 2267 808 2329 per

71 2392 220 2435 mannos
231 2392 361 2454 magna
372 2372 561 2433 sedulitate
571 2370 808 2453 gessit3prae-

71 2515 114 2558 us
141 2504 269 2575 postea
297 2492 570 2556 Gurtwihlensis
598 2492 699 2554 annis
727 2511 807 2573 sep-

75 2616 165 2680 ecim
179 2637 249 2678 non
266 2617 341 2677 sine
359 2615 587 2678 oeconomiae
603 2622 807 2696 augmento

72 2739 254 2801 inistrator
290 2738 517 2800 ecclesiarum
555 2737 589 2798 in
624 2735 813 2798 Bonndorf

71 2880 129 2923 res
146 2879 286 2921 menses
303 2869 451 2939 tantum,
477 2859 603 2920 iterum
625 2859 670 2919 ad
693 2859 808 2919 aulam

70 2982 191 3044 tialem
208 2991 397 3043 revocatur
409 3001 488 3042 cum
503 2981 605 3042 titulo
622 2979 808 3041 feudorum

71 3103 190 3186 positi;
223 3103 336 3164 altera
366 3103 445 3164 vice
477 3101 743 3163 administrator
772 3101 808 3162 in

71 3224 170 3306 tdori,
180 3224 312 3286 ibidem
321 3234 404 3304 post
413 3223 583 3284 tredecim
597 3241 737 3284 menses
750 3221 808 3283 die

71 3349 86 3408 l.
103 3346 297 3427 apoplexia
318 3348 364 3408 ad
386 3344 569 3406 introitum
585 3343 718 3405 Missae
735 3352 808 3404 tac-

75 3477 266 3550 praesente
287 3477 323 3530 et
344 3468 502 3529 ultimam
525 3466 573 3527 illi
589 3464 807 3527 benedictio-

85 3590 311 3670 impertiente
338 3588 523 3650 Meinrado
554 3589 687 3648 abbate
720 3584 808 3648 obiit

71 3712 245 3794 genarius.
274 3711 369 3772 Vere
391 3709 590 3772 Stanislaus
615 3709 681 3769 iste
705 3715 809 3787 pater

71 3834 183 3916 riptor
204 3833 372 3896 historiae
397 3831 613 3893 domesticae
634 3829 809 3910 appellari

74 3965 140 4036 tur,
165 3964 204 4017 ut
229 3954 288 4036 qui
311 3957 357 4016 ab
379 3973 421 4016 eo
442 3963 613 4034 tempore,
636 3971 705 4031 quo
721 3961 809 4012 tam-

71 4098 83 4139 1
115 4077 314 4139 sacellarius
346 4095 529 4137 accessum
557 4075 602 4135 ad
629 4072 810 4134 archivum

71 4200 111 4280 it,
129 4199 174 4260 ad
192 4208 340 4260 mortem
357 4217 469 4278 usque
487 4216 589 4258 omne
606 4208 747 4276 tempus
763 4197 809 4256 ab

71 4322 105 4383 ‚is
123 4319 191 4383 sibi
206 4340 358 4382 vacuum
375 4321 420 4380 ad
438 4318 683 4379 illustrandam
699 4316 807 4378 histo-

80 4441 285 4506 monasterii
307 4462 333 4502 s,
351 4441 463 4502 Blasii
484 4439 650 4502 continuo
674 4438 809 4519 impen-

71 4585 160 4646 nque
173 4584 251 4626 eam
265 4583 339 4625 rem
352 4562 499 4644 triginta
508 4580 621 4642 prope
630 4561 809 4622 volumina

71 4687 141 4768 lpse
168 4705 274 4747 manu
297 4683 442 4765 propria
470 4693 505 4744 et
530 4683 642 4744 nitido
672 4681 808 4743 calamo

71 4808 198 4889 :ripsit,
215 4817 276 4868 aut
292 4808 338 4867 ab
355 4805 433 4866 aliis
451 4804 653 4884 conscripta
677 4802 809 4883 compi-

71 4978 74 4992 .
98 4929 201 4993 Iussu
219 4928 361 4990 abbatis
374 4926 486 4989 Blasii
498 4925 682 4986 historiam
695 4926 808 4985 almae

71 5051 349 5133 'chiepiscopalis
369 5047 612 5111 universitatis
633 5044 809 5109 Salisbur-

71 5173 99 5235 is
123 5193 144 5234 a
159 5171 338 5234 Blasianis
359 5172 399 5233 P.
416 5171 582 5231 Romano
600 5167 811 5248 Sedelmayr

71 5302 154 5375 tam,
172 5304 208 5356 et
224 5295 264 5357 P.
277 5293 443 5355 Romano
460 5290 574 5352 Endel
591 5290 809 5351 elaboratam

885 671 1057 753 Herrgott
1073 671 1108 733 in
1126 673 1264 734 edenda
1287 693 1352 735 sua
1372 673 1585 755 genealogia
1602 672 1715 751 diplo-

886 793 1015 854 matica
1032 794 1156 854 domus
1169 793 1443 876 Habsburgicae
1457 792 1715 855 auxiliatricem

884 933 1026 975 manum
1058 915 1240 995 praebuit,
1272 915 1497 996 perlustratis
1526 913 1716 976 Helvetiae

885 1035 1103 1116 aliorumque
1120 1036 1275 1098 locorum
1297 1037 1450 1099 archivis
1472 1046 1507 1098 et
1529 1035 1716 1097 bibliothe-

885 1158 946 1239 ciS,
964 1179 983 1220 e
1001 1159 1130 1239 quibus
1147 1179 1312 1241 magnam
1330 1159 1469 1239 copiam
1484 1158 1715 1239 diplomatum

886 1290 921 1342 et
937 1290 1243 1343 monumentorum
1258 1281 1413 1363 collegit,
1428 1280 1531 1361 eique
1540 1280 1716 1341 Viennam

862 1401 1090 1491 transmisit.
1116 1401 1208 1463 Aliis
1226 1403 1369 1484 insuper
1390 1402 1504 1463 modis
1530 1421 1603 1462 rem
1624 1400 1717 1461 litte-

885 1523 1013 1584 rariam
1047 1523 1082 1584 in
1113 1543 1139 1584 s,
1171 1524 1292 1585 Blasio
1325 1542 1535 1604 promovere
1571 1521 1717 1601 studuit,

886 1646 1233 1726 nummophylacium
1250 1645 1478 1727 praesertim,
1501 1645 1600 1706 cuius
1622 1663 1717 1705 amo·

886 1786 960 1827 rem
978 1776 1014 1828 et
1030 1767 1312 1829 aestimationem
1330 1766 1453 1828 abbati
1470 1767 1661 1828 Francisco
1673 1765 1717 1826 II.

888 1888 1083 1952 instillavit.
1115 1889 1272 1950 Melioris
1298 1908 1439 1969 quoque
1468 1898 1574 1950 notae
1598 1888 1718 1967 libros,

887 2010 1003 2072 lexica
1028 2010 1174 2090 antiqua
1195 2010 1387 2091 praecipue
1409 2009 1568 2089 aliosque
1591 2008 1719 2069 biblio-

887 2133 1014 2194 thecae
1036 2132 1225 2193 Blasianae
1248 2130 1469 2212 importavit,
1493 2130 1645 2210 pecunia
1670 2130 1719 2192 ei·

888 2255 968 2314 dem
991 2254 1114 2314 abbati
1138 2253 1422 2333 subministrata,
1448 2272 1552 2332 quam
1580 2261 1633 2314 tot
1658 2271 1720 2312 an-

887 2375 941 2436 nis
955 2373 1150 2436 Gurtwilae
1166 2374 1404 2454 praepositus
1422 2372 1636 2454 parsimonia
1656 2392 1720 2434 sua

888 2506 924 2559 et
940 2496 1146 2558 oeconomia
1162 2499 1359 2576 prudenter
1375 2496 1631 2576 administrata,
1650 2495 1720 2556 col-

887 2619 1036 2700 legerat,
1059 2618 1113 2680 vir
1137 2620 1181 2680 de
1206 2619 1389 2700 republica
1406 2618 1575 2680 Blasiana
1599 2618 1720 2680 multis

888 2741 1001 2803 titulis
1017 2743 1109 2802 bene
1126 2741 1282 2802 meritus.

978 2878 1183 2960 Sequuntur
1199 2879 1275 2940 eius
1292 2899 1402 2960 opera
1418 2899 1523 2940 manu
1540 2878 1690 2958 scripta:

975 3022 997 3076 Ι.
1029 3022 1115 3076 Nova
1148 3023 1332 3076 incrementa
1364 3021 1611 3095 congregationis
1643 3019 1720 3075 San·

888 3126 1057 3191 Blasianae‚
1086 3144 1139 3180 seu
1170 3127 1226 3180 tria
1255 3126 1438 3179 monasteria
1467 3144 1490 3180 s.
1516 3123 1667 3180 Wilhelmi
1692 3125 1720 3177 in

888 3227 1047 3296 abarien,
1073 3231 1102 3284 in
1127 3227 1200 3285 Sion
1222 3230 1301 3284 etin
1323 3229 1461 3303 Mengen‚
1487 3229 1671 3283 monasterio
1695 3246 1720 3282 s.

888 3333 977 3389 Blasii
992 3335 1187 3407 incorporata
1203 3346 1292 3404 1725.
1317 3333 1554 3407 Manuscriptum
1571 3332 1629 3387 hoc
1647 3349 1719 3386 con·

888 3439 999 3493 tinetur
1025 3439 1053 3493 in
1082 3436 1215 3493 eiusdem
1240 3438 1372 3493 auctoris
1397 3437 1521 3492 historia
1545 3454 1598 3491 seu
1624 3436 1721 3490 incre-

889 3542 995 3596 mentis
1013 3554 1139 3596 monast.
1157 3559 1181 3595 s.
1198 3539 1303 3606 Blasii;
1322 3553 1352 3594 et
1364 3542 1455 3614 copia
1471 3538 1603 3595 eiusdem
1617 3537 1721 3593 adser-

887 3657 976 3700 vatur
992 3647 1022 3699 in
1038 3645 1163 3700 archivo
1181 3643 1392 3700 Einsiedlensi.

975 3749 1011 3804 II.
1034 3748 1096 3804 Res
1112 3748 1191 3803 domi
1210 3747 1342 3820 forisque
1359 3747 1517 3821 praeclare
1539 3759 1644 3819 gestae
1665 3742 1721 3800 sub

888 3851 1050 3909 abbatibus
1067 3853 1231 3908 Francisco
1248 3852 1282 3918 1.,
1300 3850 1438 3917 Oddone,
1456 3851 1604 3916 Roman0,
1618 3848 1722 3922 Augu·

888 3959 984 4024 stin0‚
1012 3954 1051 4011 ab
1074 3973 1152 4011 anno
1181 3953 1260 4025 1638
1285 3972 1381 4029 usque
1410 3967 1499 4026 1720.
1524 3954 1720 4026 Manuscript.

895 4059 984 4133 1726.
1011 4060 1151 4115 Continet
1167 4055 1207 4135 (in
1224 4056 1307 4136 solio)
1324 4076 1394 4133 pag.
1413 4057 1482 4124 1i1,
1500 4070 1531 4113 et
1542 4057 1723 4113 adservatur

891 4167 919 4220 in
936 4165 1060 4220 archivo
1078 4162 1290 4218 San-Paulano
1307 4164 1362 4218 N0.
1386 4177 1454 4234 142.

977 4268 1028 4324 ΙΙΙ.
1052 4269 1157 4323 Brevis
1179 4266 1326 4323 indiculus
1348 4286 1447 4322 rerum
1469 4268 1518 4341 pie
1535 4265 1723 4340 feliciterque

889 4387 1043 4447 gestarum
1065 4372 1121 4430 sub
1144 4373 1242 4427 Blasio
1264 4372 1315 4426 III.
1338 4369 1450 4426 abbate
1474 4369 1512 4426 ab
1536 4388 1615 4425 auno
1643 4383 1723 4442 1720

890 4497 986 4553 usque
1001 4491 1092 4550 1727.
1110 4478 1305 4551 Manuscript.
1321 4474 1410 4546 1728.
1430 4476 1571 4531 Continet
1584 4469 1624 4551 (in
1638 4469 1722 4549 solio)

890 4601 959 4657 pag.
979 4595 1028 4654 74,
1053 4595 1083 4636 et
1106 4580 1283 4637 adservatur
1304 4582 1333 4634 in
1355 4579 1479 4635 archivo
1496 4577 1722 4634 San-Fauiano

890 4687 945 4741 Nu.
968 4699 1035 4757 143.

977 4789 1027 4844 IV.
1043 4787 1191 4844 Analecta
1208 4786 1362 4842 illustrium
1384 4797 1414 4840 et
1430 4783 1572 4841 nobilium
1590 4785 1721 4839 virorum

889 4892 1102 4966 genealogica,
1131 4893 1160 4946 in
1184 4889 1293 4964 quibus
1317 4901 1466 4964 apparent
1489 4887 1618 4943 familiae
1642 4886 1722 4942 mille

890 5008 1052 5052 sexcentae
1077 4995 1245 5067 octoginta,
1274 5011 1357 5047 arma
1380 4992 1527 5066 gentilitia
1551 5011 1588 5047 ex
1611 4991 1723 5047 chartis

890 5098 1020 5175 pendula
1036 5096 1141 5153 eadem
1157 5096 1253 5152 lorma
1270 5111 1300 5152 et
1313 5096 1516 5170 magnitudine
1529 5096 1644 5151 calamo
1657 5097 1721 5151 eius

891 5203 1010 5277 depicta
1028 5202 1106 5257 mille
1123 5203 1297 5274 octingenta
1314 5202 1418 5274 viginti
1436 5214 1575 5274 quatuor.
1597 5215 1616 5271 4
1637 5198 1723 5254 volu·

892 5308 970 5362 mina
986 5309 1015 5362 in
1033 5306 1115 5362 folio.
1138 5303 1227 5377 1736.
1250 5306 1486 5380 Manuscriptum
1503 5302 1723 5360 hocadserva·

71 5416 225 5479 rfectam
233 5416 333 5497 prelo
346 5413 529 5476 commisit.
545 5414 584 5474 P.
597 5411 810 5492 Marquardo
848 5404 851 5491 l
893 5413 984 5466 turin
1001 5410 1124 5467 archivo
1142 5408 1351 5465 San-Paulano
1368 5411 1424 5465 No.
1447 5423 1515 5482 193.
