1217 2000
515 357 539 359 —
568 351 602 368 441

152 397 241 413 exhibuit:
257 397 280 412 ad
294 397 352 412 Deum
366 397 495 413 consolatorem
510 397 568 417 suspi-

153 428 202 443 ciens
213 427 303 448 religionis
312 430 330 443 et
337 427 410 448 pietatis
421 427 495 443 affectus
505 427 568 443 funde—

152 459 190 474 bat:
203 458 237 473 iam
246 458 280 473 sibi
288 458 381 473 restitutus
394 460 412 473 et
421 458 505 473 liberiore
516 458 568 478 quasi

152 491 201 504 motu
212 488 273 504 oeulos
282 488 411 508 circumferens,
424 493 470 508 quae
478 488 496 504 in
504 488 568 504 natura

153 519 197 534 vidit
207 518 321 534 delectabilia
332 519 413 539 canebat,
426 519 461 534 imo
473 523 568 539 perversos

153 554 211 564 mores
218 549 308 564 huminum
313 549 341 564 vel
348 549 410 564 horum
416 549 439 564 ad
445 549 521 564 invicem
527 553 568 564 con-

153 579 229 595 ditiones
242 579 331 599 diversas,
343 579 422 595 ridendis
435 584 514 599 semper,
525 584 569 595 nun-

153 615 205 630 quam
218 610 336 630 mordacibus,
348 610 483 630 perstringebat
490 609 569 625 facetiis:

154 645 200 660 quae
209 640 223 655 si
232 640 303 660 quando
311 640 346 660 ipsi
354 640 435 661 deerant,
447 640 508 656 iocosa
519 640 569 656 dere-

153 671 234 691 linquens
245 671 330 686 laudabili
340 671 380 686 nisu
388 671 411 686 ad
419 676 492 686 serenas
500 671 569 691 patriae

153 701 215 716 laudes
223 701 335 717 extollendae
342 701 442 717 adscendit:
451 701 569 721 itatamen,ut

153 731 254 747 immediate
265 731 324 747 omnia
332 736 355 747 ex
363 732 423 747 valido
434 732 488 747 animi
498 731 568 752 affectu,

153 761 215 781 gracili
220 764 239 784 ‘et
247 762 307 778 nativo
313 766 394 777 sermone
401 761 455 777 fluere
460 762 567 778 viderentur.

153 792 230 811 Interim,
243 797 288 807 anno
302 793 341 812 1837
353 792 426 808 mensib.
435 792 483 813 Aug.
491 794 510 808 et
518 792 568 812 Sept.

154 822 171 837 in
180 822 249 837 Italiam
258 822 291 838 iter
299 822 380 843 instituit,
388 822 470 838 Venetiis
477 827 520 838 vero
528 822 568 838 ulti-

153 857 200 868 mum
208 852 248 868 viae
256 852 356 868 milliarium
367 853 420 873 legit:
432 853 493 873 ibique
501 853 568 873 aliquot

154 883 192 898 dies
208 886 333 903 commoratus,
349 888 382 898 sex
397 883 476 904 pretiosa
491 883 568 899 carmina

154 913 209 933 lyrica
217 913 317 931 exornavit:
329 914 399 929 domum
407 914 464 929 redux
472 918 537 929 novum
545 919 568 929 ex

154 944 186 958 hoc
193 943 255 959 itinere
262 944 337 964 poeseos
344 944 476 959 incitamentum
483 944 568 964 sentiens,

153 974 212 989 iocosa
219 974 334 994 potissimum,
343 974 375 989 sed
382 979 427 994 quae
434 974 510 990 animum
517 974 568 990 simul

153 1007 249 1025 moverent,
258 1009 364 1024 componere
372 1005 451 1025 perrexit
457 1008 475 1021 et
482 1010 537 1026 usque
546 1005 569 1020 ad

153 1040 217 1050 annum
228 1036 267 1054 1842
276 1039 368 1050 numerum
379 1040 407 1054 ¹¹4
414 1035 515 1055 poematum
522 1040 569 1051 com—

153 1065 213 1085 plevit.
222 1074 244 1076 ——
252 1065 288 1081 Isto
296 1067 354 1081 autem
361 1070 407 1081 anno
415 1065 524 1081 archivarius
532 1070 568 1081 mo-

154 1095 225 1111 nasterii
238 1098 256 1111 et
267 1096 321 1116 paulo
332 1098 374 1116 post
385 1096 492 1111 secretarius
503 1101 515 1111 r.
527 1101 539 1112 r.
551 1097 568 1112 d.

154 1126 225 1141 abbatis
233 1126 342 1146 designatus,
349 1126 422 1146 insuper
428 1131 489 1142 mense
494 1126 568 1142 Octobri

154 1161 176 1171 ex
186 1156 348 1176 grammaticalibus
357 1156 443 1172 classibus
454 1157 477 1172 ad
488 1157 569 1172 docenda

154 1186 256 1202 humaniora
269 1189 372 1207 provectus,
385 1187 420 1202 late
432 1187 465 1202 sibi
477 1189 569 1207 patentem

154 1216 251 1232 officiorum
263 1221 344 1237 eampum
356 1217 430 1232 invenit:
442 1217 533 1233 archivum
546 1222 569 1233 ex

154 1247 249 1262 miserabili
261 1249 310 1263 strue
323 1247 341 1263 in
355 1248 434 1263 ordinem
446 1247 569 1268 redigendum,

155 1277 225 1298 singula
239 1278 345 1293 documenta.
357 1278 443 1298 notanda,
456 1281 481 1298 et,
494 1283 539 1298 quae
551 1278 569 1293 in

154 1308 197 1328 ipsis
204 1308 332 1328 contineantur,
339 1309 362 1324 ad
368 1313 440 1324 succum
447 1309 510 1324 saltem
516 1309 534 1324 in
541 1313 570 1324 ca-

155 1338 233 1359 talogum
242 1338 343 1357 referenda;
353 1338 371 1354 in
379 1339 440 1354 schola
448 1343 512 1354 novum
521 1339 569 1355 ideo-

155 1373 189 1388 que
196 1368 285 1384 sinistrum
292 1369 350 1384 adhuc
356 1374 431 1389 pensum
436 1370 568 1390 praestandum,

154 1399 202 1419 quod
210 1401 260 1414 tanto
268 1399 357 1415 difficilius
364 1399 403 1419 fuit,
416 1404 451 1419 quo
461 1399 519 1415 minus
528 1399 569 1415 libri

154 1432 196 1444 tunc
204 1429 289 1450 temporis
300 1429 427 1450 discipulorum
439 1430 520 1445 manibus
531 1430 568 1446 triti

154 1459 184 1475 fini
191 1464 223 1475 suo
227 1460 366 1480 respondebant.
372 1460 447 1475 Talibus
451 1460 497 1476 curis
502 1460 568 1476 disten-

154 1494 182 1506 ms
194 1495 256 1511 parum
270 1490 334 1506 abhinc
345 1490 421 1510 poeseos
433 1490 492 1506 studio
503 1495 568 1506 vacare

154 1521 216 1541 potuit.
229 1521 322 1536 Insudavit
333 1521 405 1536 sedulus
417 1521 527 1536 arehivarius
538 1526 569 1536 an-

154 1551 223 1566 nalibus
230 1551 332 1567 monasterii
341 1551 460 1572 elaborandis,
468 1553 522 1572 prout
529 1551 569 1571 ipse

154 1581 174 1597 E.
182 1581 285 1597 Hauswirth
297 1581 314 1597 in
327 1586 381 1602 opere
391 1586 424 1597 suo
438 1581 512 1603 „Abriss
521 1581 569 1597 einer

607 396 716 412 Geschicbte
724 397 755 412 det
760 396 951 413 Benedictiner-Abtei
959 401 980 413 zu
988 397 1023 413 den

608 426 710 448 Sehotteffl,
716 432 763 443 anno
769 428 809 447 ¹⁸⁵7
814 427 868 448 edito,
873 427 947 443 fatetur:
954 432 974 443 se
981 427 1024 443 scri-

607 457 677 473 bendae
688 457 774 473 historiae
785 457 867 473 Seotensi
878 457 965 478 imparem
977 457 1024 473 futu-

608 493 646 503 rum
658 487 722 508 fuisse,
734 487 768 503 nisi
782 488 858 503 antehae
870 488 978 504 Bertholdus
991 493 1024 509 per

609 523 630 534 20
641 522 697 533 annos
709 518 800 533 materiam
812 521 848 534 tam
860 519 952 534 commode
964 518 1024 539 dispo-

609 548 679 564 suisset.
691 547 767 568 Scripsit
775 548 833 569 etiam,
841 553 888 564 anno
897 550 942 569 184³,
950 549 1023 565 ineunte

609 583 642 594 suo
656 578 674 594 in
690 579 823 594 humanioribus
837 579 901 595 scholis
915 579 1023 600 magisterio,

610 609 734 629 compendium
753 609 796 625 artis
813 609 957 630 mathematicae,
976 610 1024 630 quod

609 639 691 659 quamvis
699 644 734 655 non
742 640 811 660 ederet,
823 642 884 655 tamen
894 643 954 660 aptam
965 640 983 656 in
993 640 1024 656 do-

609 670 666 685 cendo
673 675 752 685 normam
757 670 871 690 sequebatur.
879 670 977 691 Postquam
981 675 1024 686 vero

608 699 666 720 prima
674 705 731 720 eaque
739 700 792 721 longe
800 700 884 721 graviora
895 700 913 716 in
923 700 975 716 novis
986 700 1025 716 offi-

609 730 640 746 ciis
649 730 739 751 stipendia
746 733 839 751 meruerat,
850 731 873 746 ad
881 731 974 746 colendam
981 731 1024 751 pne}-

608 760 635 776 sin
644 761 751 781 quandoque
759 761 816 776 redire
827 766 862 777 non
873 761 906 777 sibi
915 764 986 782 poterat
993 766 1024 777 ne-

608 796 660 811 gare:
673 793 702 807 ast
712 796 765 812 quem
776 794 830 807 antea
838 792 898 807 mobili
906 792 1024 808 vividissima—

608 826 643 842 que
647 826 669 837 ne
674 822 732 837 dicam
736 822 831 842 nugatoria
835 822 894 838 indole
898 822 953 838 fuisse
958 827 1024 843 cogno-

608 852 670 873 vimus,
677 852 717 873 iam,
724 853 815 868 laboribus
822 858 908 873 pressum,
916 853 1023 869 severiorem

608 882 672 898 faciem
680 876 853 903 induisse'miramun
862 883 997 899 edisserentem:
1005 884 1024 900 in

609 913 673 933 quibus
681 918 724 929 vera
732 913 785 929 animi
793 914 913 934 tranquillitas
923 914 946 929 sit
957 914 1024 930 inveni-

609 944 662 961 enda:
675 944 705 959 ubi
716 946 802 959 terrarum
811 943 877 964 optime
885 944 919 960 sibi
927 947 945 960 et
953 944 978 960 ita
986 945 1024 965 qui-

609 974 649 989 dem
655 974 732 994 placeat,
739 977 758 990 ut
763 974 824 990 mortis
831 974 855 990 ibi
861 979 941 990 somnum
948 975 1024 991 dormire

609 1004 657 1024 velit,
665 1006 683 1019 et
691 1004 770 1020 eiusdem
776 1004 843 1020 tenoris
851 1004 891 1020 alia.
903 1004 940 1021 Sed
948 1007 990 1025 post
997 1010 1024 1021 re-

609 1034 684 1050 formata
701 1039 734 1055 per
752 1037 808 1050 totam
823 1035 914 1051 Austriam
930 1036 1024 1056 gymnasia

609 1065 664 1086 (1850)
672 1065 690 1080 in
698 1065 740 1080 solis
750 1070 821 1086 semper
831 1065 896 1086 linguis
904 1065 994 1082 Gentiana
1005 1069 1023 1082 et

608 1095 672 1110 Latina
683 1095 717 1111 sibi
725 1097 761 1111 tam
769 1095 885 1111 familiaribus
893 1096 990 1116 discipulos
998 1096 1024 1112 in-

609 1126 695 1145 struebat,
703 1126 755 1146 unde,
766 1126 875 1146 aliquantulo
885 1126 958 1142 liberius
969 1127 1024 1143 otium

609 1159 676 1176 nactus,
688 1156 770 1172 hilariore
782 1156 844 1172 iterum
855 1156 913 1172 animo
924 1157 984 1173 iocosa
992 1162 1024 1173 sua

609 1186 687 1202 carmina
699 1191 763 1202 canere
775 1186 839 1207 eoepit,
852 1186 869 1202 in
881 1187 946 1207 quibus
957 1187 1024 1203 rustica

609 1216 639 1232 illa
646 1217 803 1237 apophthegmata,
812 1217 896 1232 brevibus
903 1219 979 1237 quatuor
985 1222 1024 1233 ver—

609 1247 658 1262 sibus
664 1247 750 1267 absoluta,
755 1247 841 1268 singulari
847 1247 900 1263 laude
906 1247 1023 1263 nominentur.

609 1277 645 1293 Ast
652 1277 687 1293 iam
692 1282 739 1293 anno
748 1278 785 1293 1851
794 1277 845 1298 gravi
851 1278 896 1293 tussi
903 1278 991 1298 laborans,
998 1278 1024 1294 in-

609 1308 711 1324 valescente
719 1308 780 1324 morbo
789 1313 849 1324 mense
856 1308 921 1324 Martio
930 1309 975 1329 1852,
983 1313 1024 1329 pro-

609 1338 678 1354 fessura
686 1343 719 1359 pro
727 1338 837 1354 restituenda
847 1339 924 1354 sanitate
932 1339 1023 1359 derelicta,

609 1369 700 1384 Badenam
712 1373 731 1384 se
742 1369 821 1389 contulit,
833 1369 848 1384 si
861 1368 907 1384 forte
918 1369 1024 1389 campestris

608 1399 639 1415 aei·
649 1400 672 1414 ad
679 1399 767 1415 medelam
777 1399 910 1419 percipiendam
920 1399 1023 1419 profuturus

608 1432 663 1448 esset:
672 1430 783 1445 nihilominus
792 1430 854 1445 eodem
860 1434 907 1445 anno
914 1430 1024 1446 dissertatio-

608 1465 648 1476 nem
662 1460 684 1476 cle
698 1460 774 1475 dialecto
786 1459 882 1475 Austriaca
895 1460 1024 1481 programmati

608 1489 715 1511 gymnasiali
725 1491 764 1506 ¹8⁵2
773 1490 886 1506 inserendam
894 1490 943 1511 typis
951 1491 1024 1506 manda—

608 1521 640 1542 vit,
652 1530 673 1532 —
685 1521 727 1541 quin
740 1525 786 1541 opus
797 1520 859 1536 videre
872 1521 972 1541 perfectum
985 1521 1023 1537 dira

609 1556 656 1567 mors
667 1551 702 1572 ipsi
713 1552 824 1568 concederet.
838 1551 907 1567 Phthisi
920 1551 1023 1572 pulmonum

609 1581 701 1598 confectus
708 1582 783 1598 Badena
791 1582 866 1598 revertit
873 1585 897 1602 et,
904 1587 951 1598 anno
958 1582 1024 1598 aetatis

894 1608 911 1624 5⁶
