4222 6106
899 482 1181 552 -127.„

165 662 393 730 ritidioribus
413 669 513 750 typis
534 678 571 732 et
587 670 701 733 omnis
716 672 858 753 generis
878 671 1001 735 formis

165 789 273 873 quasi
287 808 416 852 novam
431 790 527 854 fecit.
551 792 621 854 Tot
637 801 674 855 et
688 793 798 856 tantis
818 793 999 857 litterariis

165 911 335 976 ubsidiis
350 913 486 995 muniti,
509 913 756 978 exhortatione
778 926 814 979 et
834 918 999 998 exemplo

165 1035 311 1105 ,thetis
338 1036 498 1118 excitati,
527 1045 564 1099 et
590 1056 656 1099 sua
682 1047 810 1118 sponte
837 1038 1000 1102 monachi

165 1156 417 1228 ;an·Blasiani
439 1159 486 1220 ad
501 1158 697 1221 litterarum
719 1161 837 1223 studia
857 1180 896 1224 se
918 1181 1000 1225 con-

165 1280 341 1361 erebant,
359 1279 395 1341 in
408 1279 537 1361 quibus
549 1282 696 1344 multum
709 1281 946 1364 profecerunt,
963 1282 1000 1345 id

165 1402 266 1493 guod
276 1402 431 1482 publicis
445 1402 550 1465 editis
562 1405 797 1468 monumentis
810 1405 1001 1468 contestati

1079 670 1215 751 Keller,
1232 669 1393 751 Ignatius
1405 670 1517 751 Kopp
1535 670 1676 754 aliique,
1693 670 1822 753 quibus
1838 691 1911 734 mo-

1078 791 1224 855 nasterii
1246 792 1430 855 dissolutio
1447 793 1699 873 impedimento
1716 802 1802 875 erat,
1825 813 1910 875 quo-

1079 915 1193 978 minus
1216 922 1421 994 susceptum
1448 934 1538 996 opus
1564 914 1740 997 integrum
1762 914 1911 996 perfice·

1077 1046 1166 1101 rent.
1191 1035 1356 1099 Ceterum
1376 1037 1466 1098 adeo
1489 1036 1524 1097 in
1543 1036 1619 1098 dies
1642 1036 1791 1099 increvit
1814 1034 1909 1099 fama

1079 1159 1188 1222 studii
1207 1159 1403 1222 litterarum
1419 1158 1455 1221 in
1472 1158 1554 1221 divo
1571 1158 1702 1241 Blasio,
1724 1167 1763 1220 ut
1783 1178 1804 1220 a
1828 1178 1909 1221 con·

1079 1282 1289 1364 gregatione
1309 1281 1659 1344 Benedicto-burana
1679 1279 1860 1362 professor
1880 1299 1908 1344 s

1061 1456 1065 1462 .
1078 1404 1276 1485 scripturae
1293 1414 1328 1467 et
1340 1404 1539 1486 linguarum
1552 1403 1774 1467 orientalium
1786 1412 1909 1485 postu-

165 1533 261 1594 ·‚unt
291 1521 352 1588 Sic
375 1524 599 1605 Trudpertus
622 1525 798 1610 Neugart,
823 1536 862 1589 ut
884 1546 1000 1590 sacer·
1078 1528 1224 1599 laretur;
1241 1535 1277 1588 et
1292 1526 1375 1589 illuc
1392 1526 1532 1588 abiitP.
1546 1526 1768 1589 Aemilianus
1781 1524 1909 1587 Usser-

165 1645 309 1719 1otibus
324 1646 361 1709 in
377 1647 489 1709 ardua
504 1649 596 1710 adeo
617 1648 923 1712 administratione
943 1668 999 1711 sa·
1038 1588 1041 1731 Ι
1078 1668 1194 1730 mann,
1215 1650 1366 1729 posthac
1382 1648 1564 1729 professor
1584 1646 1826 1710 universitatis
1843 1644 1908 1710 Sa·

165 1767 336 1844 :ramenti
370 1769 614 1849 poenitentiae
644 1790 803 1834 normam
830 1772 998 1853 traderet,

165 1908 278 1983 auam
291 1909 415 1953 secure
431 1900 675 1974 sequerentur,
698 1912 788 1974 opus
804 1913 897 1956 anno
918 1898 997 1973 1706

165 2012 363 2095 ssotomagi
394 2012 542 2096 editum,
581 2015 699 2076 multis
730 2015 998 2078 adcessionibus

165 2143 322 2216 auctum,
338 2144 375 2198 et
390 2135 539 2198 eruditis
555 2136 648 2198 notis
665 2136 889 2199 inlustratum
905 2157 997 2200 anno

184 2260 262 2336 1787
276 2259 366 2338 prelo
379 2259 545 2322 submisit
557 2261 624 2321 sub
637 2260 753 2323 titulo:
769 2260 941 2323 Doctrina
953 2262 997 2322 de

185 2389 388 2446 sacramento
405 2380 648 2461 poenitentiae
663 2381 730 2445 rite
751 2382 998 2445 administran-

197 2503 249 2564 do.
259 2499 451 2565 Franciscus
462 2503 638 2566 Kreutter
652 2504 835 2567 historiam
847 2504 998 2568 anterio·

203 2621 418 2687 risAustriae
410 2646 446 2688 1n
464 2645 566 2688 usum
579 2628 777 2689 scholarum
793 2647 839 2689 ex
851 2627 998 2690 authen·

1076 1770 1325 1852 lisburgensis:
1341 1770 1370 1832 F
1372 1769 1556 1853 riburgum
1569 1769 1732 1832 abierunt
1745 1769 1784 1830 P.
1794 1768 1909 1830 Trud-

1077 1902 1200 1974 pertus
1216 1892 1388 1974 Neugart,
1411 1892 1592 1974 professor
1612 1912 1638 1953 S.
1656 1891 1854 1971 scripturae
1872 1898 1908 1951 et

1076 2014 1275 2096 linguarum
1288 2013 1525 2088 orientalium;
1538 2014 1754 2076 Bertholdus
1762 2012 1908 2075 Rottler

1076 2136 1258 2218 professor
1284 2137 1549 2219 diplomaticae,
1578 2134 1846 2200 numismaticae
1871 2143 1908 2196 et

1075 2260 1287 2341 heraldicae,
1304 2269 1454 2341 uterque
1471 2259 1505 2322 in
1521 2258 1762 2339 universitate,
1778 2256 1907 2320 Ansel-

1077 2402 1154 2445 mus
1171 2383 1264 2444 Buss
1281 2380 1464 2464 professor
1479 2399 1632 2463 poeseos
1653 2380 1688 2442 in
1709 2378 1906 2461 gymnasio.

1077 2505 1212 2567 Eadem
1227 2505 1322 2567 fama
1338 2503 1472 2566 inducti
1489 2505 1650 2584 abbates,
1671 2501 1723 2563 uti
1739 2521 1766 2565 s.
1782 2498 1908 2582 Magni

1077 2628 1123 2690 ad
1144 2628 1283 2690 Fauces
1299 2626 1417 2708 Iuhas
1440 2624 1745 2706 Campidonensis,
1770 2633 1807 2686 et
1832 2622 1905 2686 ord.

207 2742 267 2805 ticis
286 2746 495 2811 documentis
521 2749 696 2831 haustam,
724 2758 760 2813 et
787 2734 1039 2812 Vincentius¹
1037 2780 1039 2847 l
1078 2746 1905 2826 Cisterciensiumsuosclericosillucmiserunt,

210 2861 280 2945 Ilger
297 2870 589 2934 observationes'
580 2891 617 2934 1n
640 2874 783 2935 saecula
807 2871 998 2935 christiana
1036 2852 1039 2973 Ι
1077 2881 1116 2936 ut
1140 2847 1206 2934 sub
1231 2872 1386 2955 egregiis
1412 2869 1674 2953 professoribus
1697 2868 1815 2932 studio
1842 2867 1906 2931 lin·

214 2984 310 3050 edidit
304 3010 333 3053 m
346 3010 446 3054 usum
464 2993 646 3075 utriusque
663 2994 747 3056 cleri
768 2994 940 3076 regularis
961 3004 997 3056 et

215 3110 372 3196 saecularis,
400 3122 437 3176 et
463 3115 671 3195 posterioris
700 3136 806 3197 quam
832 3117 996 3198 maxime,

216 3226 423 3302 quibscholis
439 3237 652 3318 theologicis
669 3238 713 3299 de
730 3237 928 3320 disciplina,
948 3240 997 3301 le·

216 3343 288 3423 gibus
307 3366 337 3419 et
356 3357 514 3420 moribus
541 3359 709 3440 antiquae
738 3361 911 3423 ecclesiae
933 3360 997 3422 vix

218 3464 310 3550 aliquid
323 3489 564 3561 perceperant.
596 3480 683 3544 Cum
704 3483 795 3545 bene
817 3456 995 3564 shiverint,

218 3587 337 3663 abbatem
360 3601 430 3664 iarn
458 3602 518 3664 diu
546 3603 706 3686 cogitare
734 3605 778 3666 de
806 3603 1038 3668 Germania*

218 3722 286 3777 sacra
301 3722 445 3804 edenda,
467 3722 529 3784 vix
545 3724 613 3787 dici
629 3734 760 3807 potest,
777 3736 910 3807 quanta
926 3727 997 3789 lae-

218 3827 271 3895 titia
288 3843 426 3907 animum
451 3845 574 3926 optimi
598 3848 711 3928 patris
738 3848 921 3911 affecerint
947 3850 997 3911 di·
1036 3840 1039 3945 Ι

216 3945 271 4018 lecti
286 3960 345 4047 filii,
364 3987 445 4030 cum
470 3967 559 4030 die
551 3970 663 4050 rpsius
687 3971 836 4033 nominis
856 3971 997 4054 festiv0,

215 4070 253 4135 die
272 4101 306 4147 11.
328 4087 414 4152 Nov.
444 4095 540 4177 1783,
567 4092 659 4153 ultro
686 4112 726 4154 se
754 4092 921 4156 offerrent
950 4096 997 4156 ad

1076 3014 1225 3077 guarum
1250 2993 1481 3074 orientalium,
1506 2991 1708 3073 theologiae
1732 2989 1906 3072 dogmati-

1077 3136 1141 3180 cae
1158 3127 1193 3179 et
1209 3116 1360 3197 moralis,
1387 3124 1423 3177 et
1442 3113 1527 3177 iuris
1550 3113 1709 3176 canonici
1725 3121 1904 3193 vacarent,

1077 3246 1113 3301 et
1128 3238 1298 3301 miserunt
1314 3237 1468 3300 iuniores
1484 3246 1616 3318 patres,
1633 3235 1692 3317 qui
1705 3234 1824 3296 studia
1835 3233 1905 3296 iarn

1077 3362 1318 3440 absolverant,
1351 3368 1390 3421 ut
1420 3358 1610 3440 ampliores
1637 3356 1797 3419 facerent
1824 3376 1905 3437 pro-

1076 3502 1221 3566 gressus
1236 3484 1272 3545 in
1287 3483 1424 3564 litteris,
1441 3491 1477 3544 et
1492 3481 1664 3543 rationem
1677 3480 1904 3541 adornandae

1076 3606 1324 3688 bibliothecae,
1347 3604 1543 3667 instruendi
1558 3602 1693 3665 archivi
1710 3611 1746 3664 et
1760 3601 1904 3683 legendi

1077 3729 1270 3811 diplomata
1286 3727 1522 3789 addiscerent.

1163 3849 1324 3912 Praesuli
1350 3858 1404 3911 tot
1429 3847 1548 3929 plagis
1580 3845 1743 3908 fortunae
1770 3843 1904 3934 afflicto

1076 4094 1126 4156 tio
1150 4103 1264 4176 erant,
1297 4112 1386 4175 quos
1410 4097 1482 4155 Deo
1506 4091 1659 4174 propitio
1685 4100 1811 4153 nactus
1837 4099 1902 4152 est.

214 4187 275 4265 ¹³³1oe
296 4211 557 4292 episcopatuum
578 4212 791 4278 Germaniae
815 4217 996 4279 historiam
1077 4218 1173 4280 Ante
1201 4235 1322 4279 omnes
1354 4215 1573 4297 praeeminet
1604 4223 1757 4296 augusta
1790 4212 1904 4275 Maria

213 4312 358 4406 diligenter
376 4334 612 4398 scribendam
644 4336 731 4400 Mox
755 4339 886 4419 primas
912 4360 1038 4421 ope·
1035 4299 1038 4401 Ι
1076 4337 1451 4421 Theres1a,quae1psr,
1464 4335 1903 4419 saepissrmenegotrorum

210 4431 243 4497 ΙΙΙ
261 4446 352 4517 lineas
381 4455 599 4540 designavit,
627 4460 768 4521 labores
795 4471 831 4523 et
855 4480 912 4523 res
935 4482 997 4544 ge·
1034 4436 1038 4583 Ι
1076 4483 1185 4525 causa
1201 4461 1418 4524 audientiam
1440 4459 1634 4542 quaerenti,
1655 4457 1795 4522 facilem
1816 4476 1903 4539 prae

208 4570 302 4636 ‘mdes
321 4577 471 4661 singulis
493 4579 673 4644 distribuit
677 4581 846 4664 ,aliquos
869 4584 996 4646 litteris
1075 4584 1335 4666 potentioribus
1365 4583 1471 4646 etiam
1499 4584 1685 4645 adcessum
1716 4591 1752 4642 et
1782 4598 1903 4641 aurem

206 4690 489 4764 muniendatitiis
480 4711 672 4765 rnstructos
688 4704 881 4787 ablegavit,
902 4715 941 4768 ut
960 4706 995 4769 in
1075 4706 1249 4787 praebuit,
1278 4716 1420 4786 praeter
1442 4704 1587 4787 negotia
1610 4704 1655 4765 de
1680 4701 1799 4764 multis
1826 4699 1903 4762 aliis

204 4792 392 4886 blbliothecis
428 4830 465 4884 et
494 4824 648 4886 archivis
684 4826 802 4906 operis
838 4828 996 4890 subsidia
1035 4790 1037 4911 Ι
1075 4829 1191 4910 rebus,
1208 4828 1460 4890 ecclesiasticis
1476 4846 1617 4908 quoque
1632 4822 1852 4887 familiariter
1867 4830 1903 4883 et

201 4932 394 5027 quaererent,
422 4946 508 5009 nulli
535 4948 667 5028 labori,
695 4948 799 5011 nullis
821 4950 996 5012 sumtibus
1035 4948 1037 5025 Ι
1075 4950 1187 5012 amice
1208 4950 1239 5012 ei
1257 4950 1443 5032 collocuta,
1464 4952 1654 5011 abeuntem
1677 4943 1843 5028 pretiosis
1867 4952 1903 5005 et

191 5150 373 5253 coniunctis
385 5190 521 5253 viribus
537 5210 628 5271 opus
644 5191 806 5255 fecerunt
818 5193 1037 5274 Trudper
1035 5188 1217 5275 ralibus,
1241 5202 1367 5255 ornatu
1391 5191 1596 5273 pontificali,
1620 5198 1660 5252 ut
1681 5198 1826 5270 vocant,
1851 5188 1902 5250 lu-

195 5050 320 5130 parcens
348 5068 395 5130 ad
425 5068 583 5132 laborem
616 5088 757 5132 suorum
792 5071 1037 5136 iuvandum.
1035 5072 1185 5159 gregiis
1205 5073 1311 5152 plane
1333 5071 1444 5153 donis,
1465 5071 1604 5133 duobus
1624 5069 1756 5151 quippe
1781 5074 1902 5147 pecto·

184 5278 232 5343 ΙΙΙ
245 5294 411 5395 l*leogart
428 5312 649 5376 Aemilianus
667 5314 897 5398 Ussermann,
911 5317 996 5378 Am·
1034 5264 1037 5409 Ι
1074 5315 1180 5397 gubri
1200 5315 1344 5396 propria
1365 5335 1470 5377 manu
1485 5323 1597 5395 texto,
1618 5312 1715 5375 vasis
1735 5311 1903 5374 fictilibus

196 5414 308 5495 ‘osius
327 5432 517 5517 Eichhorn,
538 5435 729 5500 Anselmus
751 5437 854 5519 Buss,
871 5438 996 5499 Victor
1034 5414 1038 5502 Ι
1075 5437 1194 5500 sinicis
1224 5438 1386 5501 Viennae
1417 5436 1607 5501 artificiose
1642 5433 1833 5499 elaboratis
1867 5443 1904 5496 et
