4222 6106
671 1616 1128 1726 novorxriouss
1168 1642 1454 1726 ansvms.

325 2076 422 2178 Quia
446 2100 525 2177 apud
549 2120 654 2157 omnes
671 2101 734 2158 lere
758 2101 892 2158 homines
917 2101 1051 2159 eruditos
1068 2104 1148 2159 valet
1170 2105 1347 2170 auctoritaS,
1370 2121 1447 2177 opus
1464 2104 1558 2158 maius
1583 2115 1642 2158 tum
1668 2103 1784 2159 demum
1802 2123 1929 2178 magnae

191 2212 330 2268 utilitatis
358 2225 450 2285 atque
478 2209 548 2266 boni
573 2228 644 2265 usus
673 2228 741 2266 esse
769 2227 894 2284 operam
924 2209 1030 2266 studiis
1054 2210 1205 2267 literarum
1237 2207 1425 2274 navantibus
1457 2211 1482 2264 si
1502 2211 1658 2283 exquisitis
1685 2223 1715 2265 et
1744 2223 1836 2266 totam
1860 2210 1927 2267 libri

194 2317 348 2371 materiem
372 2312 642 2390 complectentibus
666 2328 841 2370 exornatum
861 2328 908 2370 est
926 2314 1083 2383 indicibus,
1108 2327 1243 2370 nostrum
1267 2334 1335 2370 esse
1359 2316 1529 2390 putavimus
1554 2327 1616 2370 tres
1639 2314 1762 2381 indices,
1791 2328 1823 2371 ut
1845 2330 1928 2373 recte

193 2420 334 2493 iustoque
365 2420 394 2472 in
425 2418 518 2473 literis
549 2418 696 2493 postulari
724 2431 840 2493 potest,
876 2418 1054 2493 adiungere,
1090 2437 1151 2492 quo
1187 2417 1267 2473 lacto
1300 2419 1366 2473 huic
1403 2421 1445 2474 rei
1482 2431 1587 2475 nostra
1621 2418 1741 2493 quidem
1778 2422 1926 2475 sententia

192 2541 282 2597 quam
306 2523 420 2597 optime
444 2534 491 2577 est
514 2540 701 2595 responsum.
738 2520 942 2590 Quamobrem
966 2521 1146 2578 antecedant
1170 2524 1281 2579 ceteris
1302 2541 1409 2598 pauca,
1434 2542 1512 2596 quae
1536 2525 1779 2598 interpretantur,
1804 2523 1875 2597 quid
1898 2525 1928 2579 in

194 2625 343 2683 indicibus
360 2624 554 2681 conficiendis
575 2627 821 2700 spectaverimus,
845 2626 950 2700 quales
966 2627 1245 2691 existimaverimus,
1270 2646 1331 2700 quo
1355 2626 1445 2681 modo
1470 2627 1526 2682 illis
1541 2628 1580 2682 sit
1602 2626 1753 2682 utendum.
1786 2625 1929 2701 Sequitur

192 2734 270 2787 enim
295 2743 416 2806 praeter
440 2742 541 2785 cetera
569 2728 594 2807 1)
618 2731 745 2805 primum
769 2730 856 2785 zirdex
873 2740 1058 2804 personarum
1082 2729 1189 2785 deinde
1214 2727 1243 2806 2)
1267 2731 1388 2786 locorum
1412 2731 1476 2786 sive
1497 2731 1702 2804 geographicas
1726 2744 1785 2786 tum
1814 2727 1844 2809 3)
1867 2751 1928 2787 nm·

192 2837 326 2891 tm'arum
353 2833 401 2889 vel
430 2835 531 2908 potius
561 2834 739 2906 singularum
766 2834 953 2890 scientiarum.
998 2835 1044 2889 De
1072 2835 1169 2909 primo
1198 2834 1317 2908 quidem
1348 2834 1444 2890 indice
1472 2853 1569 2909 pauca
1598 2847 1711 2889 tantum
1742 2832 1830 2890 nobis
1858 2849 1926 2891 sunt

191 2938 329 2995 dicenda.
369 2938 486 2993 Etenim
512 2939 568 2992 iam
592 2955 630 2992 ex
654 2939 776 2993 notione
799 2956 853 2993 sua
877 2939 1019 3003 continet,
1044 2937 1081 2993 de
1097 2936 1207 3012 quibus
1224 2951 1322 2994 actum
1340 2951 1386 2993 est
1402 2936 1586 3006 auctoribus,
1612 2938 1758 3013 disposita
1773 2938 1925 2994 literarum

191 3043 298 3100 ordine
322 3045 441 3098 nomina
464 3055 555 3116 atque
579 3041 635 3098 sub
652 3041 737 3117 prelo
759 3055 922 3117 quaesunt
945 3042 1126 3117 interlapsae
1151 3041 1338 3115 singulorum
1363 3041 1499 3099 locorum
1515 3060 1593 3116 quae
1610 3044 1721 3115 corrigi
1739 3044 1796 3098 iam
1821 3044 1926 3116 nequi·

192 3161 303 3204 verunt
335 3149 586 3222 transpositiones
619 3146 805 3212 emendatas;
845 3165 905 3221 qua
935 3146 972 3202 de
1004 3165 1094 3203 causa
1125 3145 1259 3220 singulas
1291 3146 1377 3202 huius
1409 3147 1510 3221 operis
1541 3147 1667 3221 paginas
1698 3148 1924 3203 nominavimus·

191 3254 350 3307 Nominum
373 3264 473 3307 autem
497 3251 544 3307 hic
568 3250 626 3307 illic
652 3249 728 3307 libro
753 3263 1055 3307 commemoratorum
1080 3268 1140 3306 non
1164 3265 1211 3306 est
1234 3250 1313 3307 lacta
1336 3250 1395 3305 ulla
1419 3252 1543 3318 mentio;
1577 3268 1644 3305 nam
1668 3251 1735 3315 illis,
1764 3262 1924 3325 praeterea

189 3358 315 3412 minoris
344 3369 443 3411 tamen
471 3356 622 3421 momenti,
652 3356 784 3429 receptis
812 3366 842 3409 et
868 3354 1007 3410 volumen
1035 3352 1140 3410 indicis
1168 3349 1387 3432 (personarum)
1415 3371 1603 3429 supervacue
1631 3353 1866 3428 amplificaretur
1893 3366 1924 3409 et

190 3460 384 3516 difficultates
415 3477 452 3515 eo
481 3458 633 3538 utentibus
661 3458 728 3533 plus
757 3459 832 3514 iuste
861 3471 1053 3533 augerentur.
1082 3491 1123 3500 —
1151 3457 1266 3532 Singuli
1298 3459 1423 3533 singulis
1452 3458 1620 3515 nominibus
1649 3460 1781 3534 propriis
1811 3457 1921 3533 adpicti

188 3566 328 3621 asterisci
351 3561 389 3642 (*)
413 3564 501 3619 dicere
523 3563 621 3618 volunt
643 3563 710 3618 illos
734 3564 817 3618 viros
840 3561 975 3629 abbates,
1005 3561 1067 3618 bini
1091 3559 1147 3640 (**)
1171 3565 1344 3638 episcopos,
1376 3564 1452 3618 terni
1476 3558 1549 3641 (***)
1573 3580 1645 3618 vero
1674 3562 1922 3637 archiepiscopos

188 3688 269 3739 esse,
293 3682 344 3724 aut
369 3668 471 3724 fuisse.
511 3668 706 3744 Compendia,
731 3686 791 3742 quo
809 3669 837 3722 in
860 3669 1043 3724 monasterio
1066 3669 1134 3742 quis
1150 3669 1189 3723 sit
1211 3680 1262 3723 aut
1286 3667 1382 3732 luerit,
1407 3668 1589 3742 exponentia
1612 3685 1666 3742 per
1689 3685 1722 3722 se
1745 3668 1811 3741 ipsa
1835 3666 1922 3722 intel-

187 3774 338 3847 leguntur.
384 3771 479 3829 Sacer
501 3774 589 3828 Mons
612 3773 785 3828 Pannoniae
812 3771 949 3827 omnibus
977 3772 1054 3827 locis
1088 3771 1144 3842 „de
1171 3791 1195 3827 s.
1220 3773 1259 3827 M.
1284 3772 1389 3837 Pan.“,
1419 3791 1443 3827 s.
1467 3771 1548 3826 Petri
1571 3768 1741 3844 Salisburgi
1767 3768 1918 3846 ,‚Salisb.“

187 3877 365 3953 simpliciter
389 3878 586 3938 nominantur.
619 3878 730 3932 Verum
760 3878 913 3932 enimvero
941 3877 999 3932 hoc
1023 3876 1120 3933 indice
1149 3889 1207 3932 tarn
1232 3875 1309 3932 bene
1332 3878 1374 3931 uti
1398 3877 1512 3949 possiS,
1545 3888 1576 3930 ut
1604 3887 1744 3930 auctores
1768 3872 1845 3930 libro
1868 3874 1921 3930 de·

187 3983 322 4057 scriptos
346 3983 444 4036 statim
469 3982 613 4036 invenias
638 4013 680 4021 —

323 4082 353 4163 2)
377 4084 469 4140 Indici
494 4084 629 4140 locorum
653 4086 717 4139 sive
744 4085 952 4160 geographico
985 4082 1023 4139 ad
1052 4103 1139 4139 unum
1168 4085 1268 4139 omnia
1290 4085 1389 4139 insunt
1418 4085 1546 4150 nomina,
1579 4102 1705 4158 quorum
1736 4086 1765 4140 in
1796 4087 1922 4164 singulis

187 4191 322 4246 virorum
345 4190 415 4245 vitis
439 4189 519 4245 lacta
541 4202 588 4244 est
611 4190 733 4254 mentio,
757 4190 847 4244 etiam
867 4188 973 4245 ordine
997 4188 1149 4244 literarum
1173 4188 1330 4263 disposita.
1370 4186 1429 4257 Qui
1447 4188 1535 4244 index
1552 4203 1581 4245 et
1597 4208 1629 4245 re
1646 4203 1675 4245 et
1695 4210 1749 4247 usu
1774 4206 1820 4248 est
1843 4194 1920 4260 talis,

186 4293 285 4368 qualis
310 4295 431 4348 omnino
455 4292 543 4348 index
567 4293 792 4369 geographicus
816 4294 956 4369 componi
980 4292 1067 4349 solet.
1099 4292 1201 4362 Quare
1225 4310 1285 4349 non
1308 4292 1427 4349 difficile
1447 4294 1513 4359 erit,
1538 4295 1609 4367 quin
1634 4292 1709 4351 libro
1734 4309 1821 4353 utens
1838 4316 1920 4355 com·

187 4398 301 4475 pendia
325 4399 390 4453 eius
413 4410 511 4454 mente
528 4399 594 4473 ipse
617 4400 778 4474 percipias.
818 4399 891 4455 Cum
915 4411 1014 4454 autem
1036 4400 1085 4454 uni
1108 4397 1203 4453 eidem
1228 4395 1399 4453 habitaculo
1424 4400 1526 4454 variae
1547 4398 1750 4455 attribuuntur
1770 4402 1920 4468 notiones,

186 4502 253 4559 sieri
277 4518 337 4559 non
360 4520 453 4577 posse
477 4503 720 4568 existimavimus,
749 4504 820 4577 quin
843 4503 962 4558 silentio
986 4502 1226 4578 praetereundae
1251 4514 1361 4557 essent.

318 4603 349 4682 3)
372 4606 440 4660 Non
464 4624 558 4681 parva
581 4624 654 4662 vero
682 4605 771 4663 nobis
802 4620 867 4662 erat
895 4605 1055 4662 difficultas
1084 4609 1113 4662 in
1141 4606 1239 4662 indice
1268 4607 1458 4661 materiarum
1483 4606 1702 4681 componendo
1743 4605 1811 4674 Qua
1835 4609 1864 4663 in
1887 4624 1921 4661 re

186 4709 277 4767 nobis
301 4709 440 4785 prolecto
464 4728 588 4785 operam
612 4710 708 4766 daturi
733 4729 862 4778 eramus,
887 4723 919 4766 ut
941 4712 1055 4786 scripta
1077 4708 1231 4784 librosque
1254 4712 1304 4777 ita,
1329 4722 1360 4764 ut
1380 4711 1424 4764 eis
1448 4710 1622 4784 inscriptum
1646 4721 1701 4775 est,
1726 4710 1831 4765 ordine
1853 4712 1920 4768 lite-

184 4832 288 4870 rarum
305 4813 489 4880 afferremus,
510 4815 628 4889 qualem
645 4814 793 4870 tractandi
810 4813 929 4870 modum
946 4812 1082 4889 partibus
1099 4811 1307 4888 biographicis
1325 4811 1532 4868 constantibus
1549 4831 1598 4867 res
1615 4816 1680 4887 ipsa
1697 4831 1769 4868 sane
1785 4815 1920 4889 postula-

183 4921 292 4986 visset,
325 4920 380 4974 nisi
405 4933 503 4975 autem
528 4937 623 4993 opera
645 4919 693 4975 vel
718 4921 797 4994 typis
820 4919 869 4974 vel
897 4936 984 4973 manu
1007 4919 1121 4993 scripta
1144 4917 1252 4990 linguis
1281 4915 1481 4972 dissimillimis
1505 4928 1606 4971 essent
1634 4916 1782 4993 expedita.
1829 4917 1919 4987 Quod

185 5043 266 5091 cum,
292 5022 386 5078 titulis
411 5024 439 5077 in
462 5041 630 5079 sermonem
656 5024 777 5078 latinum
806 5024 972 5090 conversis,
997 5025 1080 5078 notio
1104 5034 1308 5077 verumtamen
1332 5020 1431 5076 multis
1455 5022 1484 5075 in
1507 5019 1583 5076 locis
1606 5021 1710 5076 similis
1734 5022 1833 5089 mod0,
1865 5023 1919 5079 sed

183 5145 246 5184 non
271 5125 375 5182 eadem
393 5139 483 5193 esset,
509 5126 572 5182 sieri
588 5145 648 5182 non
664 5139 794 5202 poterat,
818 5129 890 5202 quin
907 5128 981 5183 tituli
1006 5127 1191 5201 singulorum
1215 5145 1339 5201 operum
1357 5125 1443 5180 aliter
1460 5144 1494 5180 ac
1512 5123 1612 5199 lingua
1636 5127 1781 5200 cuiusque
1804 5129 1918 5183 autoris

183 5231 348 5288 vernacula
377 5230 472 5287 literis
501 5233 760 5305 consignarentur.
802 5232 907 5306 ltaque
929 5232 977 5288 bic
1000 5231 1089 5287 index
1112 5231 1285 5286 necessario
1311 5242 1355 5285 tot
1377 5243 1479 5305 partes
1495 5231 1685 5297 continuerit,
1709 5244 1784 5304 quot
1799 5231 1919 5306 linguae

186 5338 216 5392 in
242 5347 375 5391 tractato
399 5353 493 5410 opere
517 5348 645 5392 exstant.
683 5336 845 5392 Praeterea
868 5334 956 5393 nobis
985 5349 1049 5392 erat
1072 5335 1278 5412 spectandum,
1310 5354 1346 5390 ne
1369 5337 1398 5391 in
1422 5333 1642 5392 conscribendo
1665 5336 1799 5409 generali
1822 5335 1919 5392 indice

183 5440 278 5496 latino
304 5440 438 5507 eaedem,
463 5457 538 5513 quas
554 5441 645 5515 paulo
661 5454 730 5496 ante
747 5441 1058 5508 commemoravimus,
1082 5439 1272 5495 difficultates
1289 5458 1321 5495 se
1339 5439 1490 5496 offerrent.
1526 5439 1593 5495 Hoc
1610 5439 1699 5496 modo
1715 5453 1815 5496 autem
1831 5440 1917 5496 huius
