4222 6106
902 507 945 516 -
990 470 1128 533 XXXI
1171 508 1214 517 —

182 699 248 761 sed
272 698 470 761 coelibatus
493 706 529 761 et
552 697 772 779 parsimonia
796 716 883 778 prae
907 707 943 759 et
967 716 1046 759 cum
1070 696 1198 759 ceteris
1221 696 1391 759 virtutum
1423 696 1584 779 insigniis
1616 698 1774 761 ordinem
1803 721 1923 764 eorum

182 840 275 900 adeo
299 836 516 901 sollemniter
540 837 709 899 decorare
734 836 906 917 cernitur,
938 836 1033 916 quod
1055 855 1121 897 nos
1145 836 1191 897 ad
1215 835 1374 898 eiusdem
1398 834 1530 898 ordinis
1637 837 1923 917 prosecutionem

183 974 418 1038 favorabilem
441 984 560 1037 mente
583 973 722 1037 fervida
744 973 983 1038 anhelamus.“

315 1113 449 1175 Verum
472 1121 593 1175 tamen
614 1114 702 1175 haec
726 1121 926 1194 temporum
949 1112 1101 1175 felicitas
1129 1131 1199 1174 non
1227 1112 1392 1175 diuturna
1420 1122 1506 1176 erat.
1546 1112 1634 1176 Cum
1665 1113 1758 1176 enim
1789 1115 1925 1196 proelia

185 1250 222 1313 in
244 1249 372 1313 finibus
395 1251 497 1334 regni
520 1251 633 1332 ipsius
654 1259 827 1314 renovata
844 1260 975 1332 essent,
993 1261 1030 1314 et
1047 1250 1194 1314 Osmani
1209 1250 1377 1313 infestum
1394 1252 1590 1314 exercitum
1607 1253 1925 1336 magis'magisque

185 1390 231 1451 ad
254 1388 477 1453 occidentem
500 1398 769 1471 promoverent,
803 1409 954 1470 cumque
987 1389 1107 1451 multis
1129 1388 1354 1452 monasteriis
1385 1408 1455 1451 non
1487 1391 1638 1454 abbates
1669 1402 1770 1455 sacra
1801 1393 1926 1475 regula

185 1527 400 1609 praescripti
423 1529 488 1590 sed
512 1528 817 1590 administratores
842 1536 878 1589 et
901 1529 1161 1609 gubernatores
1185 1537 1410 1609 praeessent,
1435 1546 1583 1608 quorum
1607 1549 1738 1612 magna
1761 1550 1845 1611 pars
1867 1532 1926 1593 vel

184 1665 266 1728 laici
289 1675 402 1747 erant,
424 1664 502 1728 fieri
525 1686 595 1729 non
617 1665 744 1747 potuit,
769 1665 855 1746 quin
872 1665 1060 1747 disciplina
1084 1673 1120 1728 et
1143 1666 1230 1728 ordo
1254 1664 1332 1746 ipse
1354 1685 1498 1748 pessum
1515 1668 1676 1741 daretur;
1701 1669 1800 1730 velut
1824 1687 1926 1730 mons

185 1802 404 1883 Pannoniae,
427 1804 540 1885 prima
564 1804 724 1886 abbatia,
757 1812 796 1866 ut
827 1824 874 1866 ex
904 1804 1001 1866 bulla
1023 1803 1152 1866 Leonis
1175 1804 1225 1866 X.
1253 1803 1336 1866 anni
1363 1808 1444 1882 1514
1473 1806 1640 1887 adparet,
1671 1807 1752 1888 plus
1783 1815 1926 1887 septua-

185 1943 287 2025 ginta
316 1962 429 2004 annos
460 1943 631 2005 abbatum
660 1942 898 2026 legitimorum
930 1941 1084 2025 indiguit
1114 1951 1151 2004 et
1181 1962 1247 2023 per
1276 1962 1342 2005 sex
1372 1962 1485 2005 annos
1516 1944 1756 2026 (1477-1483)
1787 1944 1926 2025 laicum,

185 2080 423 2143 Benedictum
446 2100 466 2142 e
489 2080 622 2143 familia
645 2081 766 2163 Pyher
788 2080 1113 2144 administratorem
1135 2080 1270 2143 habuit.
1317 2082 1404 2143 Inde
1429 2080 1563 2163 evenit,
1596 2092 1635 2145 ut
1657 2084 1769 2146 multa
1792 2083 1925 2146 ordinis

184 2218 364 2281 domicilia
388 2219 498 2282 veluti
520 2218 667 2281 abbatia
690 2221 735 2282 de
759 2219 858 2281 Zekk
886 2230 922 2281 et
951 2219 1042 2280 aliae
1073 2228 1136 2282 aut
1162 2219 1480 2300 subprimerentur,
1512 2228 1573 2282 aut
1603 2229 1643 2282 ut
1673 2241 1700 2284 s,
1725 2219 1848 2284 Crucis
1880 2223 1925 2283 de

183 2356 326 2437 vertes,
350 2359 384 2419 b.
401 2356 536 2419 Mariae
560 2358 605 2419 de
625 2356 735 2421 Sient
751 2357 851 2438 Iobb,
875 2376 903 2418 s.
923 2355 1075 2419 Gerardi
1098 2359 1143 2419 de
1160 2355 1302 2419 CranAd
1326 2356 1404 2419 aliis
1428 2357 1611 2421 ordinibus
1634 2360 1923 2423 concederentur.

184 2495 226 2557 In
248 2495 395 2577 reliquis
418 2515 504 2558 vero
528 2515 695 2558 numerus
718 2495 892 2558 sodalium
917 2497 1008 2558 adeo
1031 2495 1236 2558 imminutus
1260 2491 1351 2576 erat,
1379 2507 1417 2558 ut
1438 2496 1473 2558 in
1497 2506 1617 2559 monte
1640 2497 1861 2581 Pannoniae,
1886 2508 1925 2560 ut

184 2635 252 2695 hoc
276 2633 492 2715 adferamus,
505 2633 649 2696 ·familia
673 2644 755 2697 ante
772 2634 1005 2697 celeberrima
1026 2638 1107 2712 1480
1123 2654 1193 2697 non
1209 2634 1290 2716 plus
1307 2636 1431 2697 decem
1446 2635 1633 2719 religiosos
1649 2637 1799 2701 haberet
1814 2637 1846 2718 ¹).

317 2773 440 2853 Atque
464 2772 570 2835 etiam
594 2772 630 2834 in
653 2772 838 2854 provincia
861 2772 1086 2854 Aquileiensi
1114 2774 1201 2835 ordo
1227 2775 1357 2836 damna
1387 2773 1532 2838 fecerat.
1571 2773 1827 2837 Monasterium
1850 2775 1926 2838 Ro-

185 2929 287 2972 sazzo
312 2931 333 2971 a
356 2910 511 2974 Martino
535 2910 578 2973 V.
603 2919 771 2992 tanquam
795 2909 926 2973 fundus
950 2910 1174 2990 patriarchae
1198 2911 1422 2992 Aquileiensi
1444 2911 1653 2975 attributum
1677 2922 1747 2993 est,
1776 2912 1924 2996 Moggio

185 3058 223 3111 et
246 3048 401 3131 Beligna
424 3069 532 3133 aegre
556 3049 666 3112 vitam
691 3049 941 3113 toleraverant.
981 3049 1133 3113 Tristior
1155 3060 1232 3113 erat
1256 3050 1418 3113 condicio
1441 3050 1574 3113 ordinis
1597 3051 1633 3113 in
1648 3051 1838 3131 Dalmatia,
1863 3050 1924 3112 ubi

185 3187 317 3268 partim
340 3189 419 3251 aliis
443 3190 625 3252 ordinibus
649 3187 820 3271 imprimis
844 3209 871 3251 s.
895 3188 1073 3251 Dominici
1103 3197 1139 3251 et
1162 3188 1343 3253 Francisci
1376 3191 1546 3270 cedebat,
1577 3189 1707 3271 partim
1731 3190 1924 3251 Turcarum

185 3325 448 3389 incursionibus
472 3328 748 3409 opprimebatur.
787 3327 829 3389 In
851 3325 976 3390 insulis
999 3336 1137 3389 tantum
1152 3326 1353 3389 Dalmatiae
1374 3337 1412 3389 ut
1429 3327 1527 3388 Arbe
1552 3337 1588 3390 et
1604 3328 1699 3390 Trau
1722 3326 1924 3398 monialium

187 3464 363 3528 coenobia
386 3465 556 3546 perniciei
580 3464 831 3546 superfuerunt
846 3465 880 3544 ²).

318 3605 497 3684 Prospera
520 3624 606 3667 vero
629 3604 748 3666 studia
771 3624 792 3664 a
815 3605 961 3667 saeculo
990 3603 1128 3666 decimo
1155 3603 1262 3667 tertio
1292 3604 1328 3666 in
1357 3603 1530 3666 Bohemia
1561 3612 1672 3667 erant.
1717 3603 1772 3665 Ex
1806 3622 1925 3665 mona·

186 3742 295 3804 sterio
319 3742 579 3805 Brevnoviensi
603 3744 649 3804 ab
673 3741 845 3806 Ottocaro
869 3743 913 3804 II.
938 3762 1024 3824 rege
1053 3747 1131 3804 1213
1157 3752 1286 3824 rogatu
1311 3741 1490 3805 Chunonis
1519 3741 1661 3804 abbatis
1689 3742 1828 3803 colonia
1852 3761 1926 3804 ere-

186 3881 352 3943 mitarum
374 3881 562 3943 Politzium
586 3881 741 3942 deducta
763 3889 828 3961 est,
853 3901 946 3961 quae
969 3899 1119 3961 parvum
1142 3881 1395 3944 monasterium
1419 3881 1593 3960 condidit,
1626 3901 1672 3943 ex
1703 3899 1773 3961 quo
1800 3887 1926 3960 postea

186 4019 438 4101 praepositura
472 4021 601 4081 beatae
631 4019 761 4102 virgini
792 4020 958 4082 dedicata
989 4019 1121 4101 prodiit
1134 4021 1170 4099 ³).
1217 4019 1277 4082 Ab
1310 4021 1436 4082 eodem
1469 4019 1684 4083 monasterio
1716 4039 1781 4100 per
1812 4019 1927 4080 Bava-

184 4176 264 4218 rum
288 4158 457 4219 abbatem
480 4157 663 4219 castellum
687 4158 891 4252 Braunavia
919 4158 956 4220 in
978 4158 1264 4239 praeposituram
1292 4168 1545 4221 commutatum
1574 4168 1629 4221 est
1643 4160 1677 4241 ⁴).
1716 4157 1926 4236 Kladrubia,

186 4315 280 4376 quae
316 4295 554 4378 suscipiendis
588 4294 775 4358 Germanis
811 4295 945 4369 colonis
981 4316 1147 4378 magnam
1182 4297 1226 4358 de
1262 4297 1498 4360 Bohemorum
1532 4296 1753 4359 humanitate
1787 4296 1928 4358 laudem

185 4433 255 4494 sibi
286 4436 506 4515 merebatur,
537 4435 734 4516 Presticae,
767 4436 861 4514 quod
894 4435 1080 4515 praedium
1106 4435 1286 4498 Rainerus
1317 4437 1431 4498 abbas
1461 4437 1506 4497 ab
1535 4435 1696 4517 Agnete,
1726 4433 1798 4497 filia
1826 4433 1928 4497 Otto-

186 4573 261 4635 cari
281 4574 308 4635 1.
333 4574 439 4656 regiS,
470 4579 548 4652 1245
574 4574 641 4636 sibi
659 4584 939 4655 comparaverat,
964 4575 993 4635 F
995 4574 1208 4657 rauenbergi
1229 4574 1384 4656 (Prinna)
1412 4577 1491 4636 1306
1515 4574 1582 4635 sub
1599 4572 1762 4635 Conrado
1786 4573 1927 4648 abbate,

325 4843 346 4922 ι)
371 4846 480 4901 Czinar
502 4846 520 4901 l.
545 4865 571 4901 c.
596 4846 617 4901 Ι.

324 4958 347 5035 2)
371 4944 545 5032 (Σιότηίς).
570 4977 595 5014 c.
621 4976 649 5014 v.
673 4955 911 5032 Eitelberger'l.
936 4978 961 5015 c.

321 5067 344 5149 ³)
369 5071 541 5127 Chronicon
565 5073 802 5127 Bievnoviense.

324 5181 347 5260 ⁴)
371 5181 399 5237 A
422 5185 593 5240 Bievnovio
617 5185 705 5239 etiam
729 5184 848 5256 Pragae
871 5184 909 5239 ad
932 5203 956 5239 a.
982 5184 1129 5239 Thomam
1153 5200 1208 5258 per
1231 5201 1335 5257 regem
1358 5182 1554 5254 Plemyslium
1578 5180 1757 5237 Ottocarum
1781 5182 1803 5236 I.
1828 5200 1930 5261 mona·

191 5298 316 5352 sterium
349 5296 500 5355 conditum
530 5315 598 5354 esse
629 5295 746 5362 dicitur,
779 5296 860 5369 quod
891 5294 947 5352 sub
971 5296 1126 5352 Wenzelio
1155 5295 1192 5352 11.
1227 5293 1308 5351 1286
1340 5293 1436 5350 ordini
1468 5294 1670 5349 Eremitarum
1694 5294 1931 5369 Augustinorum

191 5427 372 5466 concessum
397 5424 450 5468 cst.
482 5411 625 5469 Chronic.
651 5409 804 5474 Bievnov.
