4222 6106
1042 491 1082 497 -
1130 404 1256 514 XVlII
1302 491 1342 498 -

321 698 346 738 s.
374 676 562 739 Benedicti
586 676 621 738 in
644 689 739 740 terra
763 698 828 739 sua
850 677 1077 758 profecerint,
1101 679 1195 739 haud
1216 678 1384 759 ignorans
1405 679 1620 741 monasterio
1642 678 1888 743 Ostrovicensi
1913 702 1975 758 999
1997 681 2062 743 cir·

320 817 408 879 citer
431 818 605 879 ininsula
628 817 832 879 Moldaviae
860 817 1055 879 constituto
1085 817 1221 879 incolas
1249 836 1294 878 ex
1324 817 1663 879 Ababa-Inferiore
1694 817 1840 898 accivit,
1874 819 1933 898 qui
1957 819 2061 881 Lam-

319 956 421 1017 berto
446 957 577 1017 abbate
602 957 692 1018 duce
715 957 781 1017 hoc
805 957 999 1018 secundum
1016 955 1149 1018 ordinis
1166 955 1382 1018 domicilium
1398 975 1491 1018 anno
1512 976 1593 1018 1000
1610 956 1750 1018 circiter
1769 959 2008 1037 possederunt
2025 961 2058 1037 ¹).

448 1094 558 1156 Aliud
583 1114 723 1175 quoque
748 1094 962 1156 domicilium
986 1094 1148 1156 monachi
1166 1091 1368 1156 Germanici
1385 1093 1609 1156 Kladrubiae
1633 1114 1747 1176 prope
1771 1095 1862 1156 Mies
1887 1095 2059 1176 oppidum

320 1242 524 1294 montanum
555 1231 622 1294 sibi
652 1231 817 1295 fixerunt.
856 1232 910 1294 Ibi
942 1231 1209 1313 SuatoplukiuS,
1241 1234 1314 1294 dux
1343 1233 1548 1313 Bohemiae,
1583 1253 1676 1295 anno
1713 1238 1793 1294 1108
1829 1233 2061 1296 fundamenta

320 1369 453 1432 iecerat
487 1369 691 1431 monasterii
719 1389 746 1430 s.
769 1368 918 1432 Nicolao
949 1369 1114 1432 dedicati.
1159 1369 1381 1450 Quamquam
1413 1373 1480 1432 hoc
1512 1370 1662 1451 primum
1693 1373 1875 1434 monachis
1900 1372 2059 1434 Bfevno-

320 1507 503 1569 viensibus
528 1507 744 1569 destinatum
768 1515 855 1586 erat,
879 1517 998 1569 tamen
1022 1527 1043 1569 a
1067 1507 1267 1569 Wladislao
1291 1508 1317 1569 Ι.
1343 1506 1571 1588 Suatoplukii
1595 1527 1816 1588 successore,
1851 1509 1911 1589 qui
1940 1507 2061 1570 aedifi-

321 1646 413 1707 cium
436 1647 640 1708 incohatum
664 1644 882 1725 perficiebat,
914 1645 1096 1707 monachis
1130 1665 1175 1706 ex
1205 1645 1420 1708 monasterio
1449 1645 1687 1709 Zwiefaltensi
1719 1645 1857 1708 vocatis
1889 1647 2059 1709 traditum

321 1793 392 1860 est,
431 1782 490 1864 qui
521 1783 576 1844 bis
613 1782 646 1843 in
682 1782 834 1863 patriam
869 1782 1003 1844 reversi
1042 1787 1123 1844 1130
1161 1784 1315 1862 demum,
1352 1803 1431 1845 curn
1466 1785 1572 1846 tertio
1613 1783 1857 1863 advenissent,
1896 1803 2059 1864 perman-

320 1931 443 1982 serunt
458 1925 492 2002 ²).

450 2060 525 2120 lam
548 2077 635 2119 uero
660 2071 821 2138 tempora
844 2058 1049 2119 turbulenta
1078 2058 1302 2138 ingruebant.
1343 2058 1541 2120 Bretislaus
1566 2058 1591 2120 1.
1624 2061 1863 2139 (1937-1955)
1896 2070 2061 2120 strenuus

321 2197 514 2258 Bohemiae
539 2198 622 2276 dux,
647 2195 827 2258 civitatem
852 2216 952 2258 suam
976 2198 1022 2258 ab
1046 2196 1193 2277 imperio
1219 2194 1477 2258 Germanorum
1501 2196 1683 2258 vindicare
1713 2200 1917 2259 conabatur.
1957 2196 2061 2276 Quod

321 2335 486 2398 facillime
515 2335 772 2397 introducenda
800 2320 944 2417 liturgia
968 2332 1111 2398 Slavica
1143 2354 1222 2397 sese
1255 2334 1398 2415 assequi
1429 2354 1536 2416 posse
1569 2335 1761 2396 arbitratus
1794 2345 1858 2397 est.
1903 2335 1963 2396 Ad
1993 2335 2060 2395 hoc

321 2473 573 2535 monasterium
596 2474 642 2534 ad
666 2471 861 2535 Saczavam
885 2473 1063 2554 deligitur.
1102 2474 1298 2553 Postquam
1322 2493 1342 2533 a
1367 2492 1392 2534 s
1419 2472 1594 2552 Procopio
1623 2473 1845 2553 impetravit,
1877 2483 1916 2534 ut
1946 2473 2060 2553 digni-

321 2621 430 2672 tatem
445 2611 661 2672 abbatialem
677 2611 712 2671 in
730 2609 944 2672 monasterio
962 2631 983 2672 a
999 2630 1038 2672 se
1055 2612 1133 2692 ipso
1151 2611 1295 2672 condito
1312 2610 1520 2691 susciperet,
1534 2630 1581 2672 ex
1593 2610 1777 2673 Ruthenia
1804 2615 1883 2687 1939
1905 2609 2060 2671 Graeco-

322 2749 475 2810 slauicos
499 2750 690 2810 monachos
715 2749 890 2828 evocavit,
915 2748 974 2829 qui
998 2768 1100 2810 sacra
1123 2748 1193 2810 ritu
1216 2747 1434 2810 Graecorum
1459 2758 1494 2809 et
1518 2747 1640 2830 lingua
1664 2746 1808 2811 Slavica
1833 2759 2058 2829 peragerent.

322 2887 408 2948 Mox
431 2895 550 2947 tamen
573 2885 756 2948 monachis
779 2886 938 2967 pristinis
962 2906 1046 2966 spes
1069 2885 1239 2948 beatioris
1269 2885 1402 2948 saeculi
1432 2885 1587 2948 adfulsit.
1627 2885 1714 2948 Cum
1745 2886 1837 2948 enim
1864 2886 2060 2947 Bretislaus

322 3025 367 3085 ab
399 3024 553 3087 Henrico
582 3025 642 3088 ΙΙΙ.
675 3022 931 3087 liermanorum
959 3025 1174 3106 imperatore
1207 3047 1282 3103 ¹041
1319 3027 1481 3088 devictus
1513 3036 1625 3103 esset,
1660 3025 1765 3087 etiam
1795 3045 1887 3087 nora
1921 3025 2060 3087 colonia

321 3164 568 3226 auctoritatem
591 3164 747 3245 perdidit
771 3173 806 3227 et
830 3163 959 3226 Graeci
983 3165 1145 3226 monachi
1170 3165 1347 3227 Bretislao
1372 3172 1510 3226 mortuo
1535 3184 1556 3224 a
1580 3183 1786 3226 successore
1811 3161 2058 3245 Spythinewio

322 3302 579 3364 emonasterio
603 3303 779 3365 excedere
802 3302 889 3365 iussi
913 3312 1004 3365 sunt.
1049 3306 1129 3364 1050
1157 3302 1320 3363 monachi
1347 3301 1466 3363 Latini
1498 3302 1564 3362 sub
1593 3300 1790 3362 Diethardo
1820 3302 1966 3376 abbate,
2000 3300 2060 3379 qui

322 3450 427 3502 antea
450 3441 677 3521 praepositus
701 3441 978 3502 Bfevnoviensis
1000 3440 1127 3519 fuerat,
1152 3439 1334 3500 redierunt
1348 3442 1382 3516 ³).

450 3579 564 3641 Paulo
588 3588 670 3659 post
694 3578 909 3642 liberalitate
932 3577 1132 3659 principum
1158 3577 1265 3639 etiam
1289 3597 1382 3639 nova
1406 3575 1620 3639 monasteria
1644 3574 1832 3637 aedificata
1856 3587 1947 3637 sunt.

450 3715 505 3776 Ita
536 3715 735 3777 Bfetislaus
762 3716 788 3778 Ι.
825 3736 906 3792 1040
934 3715 1074 3778 circiter
1105 3715 1388 3796 praeposituram
1420 3734 1446 3778 s.
1479 3714 1621 3775 Ioannis
1654 3713 1840 3794 Baptistae
1874 3715 1939 3774 sub
1971 3732 2060 3792 rupe

321 3852 480 3914 condidit
512 3861 548 3914 et
578 3853 758 3915 monachis
791 3852 1105 3916 Ostrovicensibus
1136 3853 1300 3924 tradidit;
1336 3861 1463 3934 postea
1496 3852 1543 3912 ad
1577 3851 1758 3913 abbatiam
1794 3863 1921 3913 evecta
1957 3852 2059 3929 estu.

322 3990 490 4053 Similiter
506 3989 592 4052 Otto
609 3991 778 4053 Bfetislai
793 3992 819 4053 I.
844 3990 944 4071 filius,
970 4012 1049 4053 curn
1066 3992 1227 4053 Moravia
1252 4001 1461 4073 expugnata
1485 3991 1653 4073 princeps
1670 3988 1918 4051 Olomucensis
1944 3988 2061 4050 factus

323 4138 428 4208 esset,
454 4126 611 4189 Gradicii
636 4129 837 4209 (Hradisch)
863 4129 898 4190 in
922 4129 1068 4191 castello
1099 4149 1163 4191 suo
1193 4148 1306 4210 prope
1331 4128 1553 4192 Olomucium
1583 4134 1663 4206 1078
1694 4127 1946 4189 monasterium
1980 4146 2061 4188 con·

322 4266 446 4347 stituit,
472 4266 528 4328 cui
552 4285 597 4327 ex
622 4267 767 4328 abbatia
787 4266 1467 4347 13191119νὶ9ηεί19991959111199911115).
1500 4267 1615 4329 Etiam
1641 4284 1749 4345 supra
1773 4266 1898 4326 cellam
1923 4265 2061 4325 Nicolai

322 4405 490 4466 eremitae
514 4423 627 4484 prope
644 4403 884 4484 Opatovicum
912 4408 992 4467 1086
1018 4405 1269 4466 monasterium
1295 4427 1321 4468 s.
1338 4405 1529 4467 Laurentio
1554 4404 1757 4466 dedicatum
1781 4413 2000 4465 exstructum
2026 4411 2062 4463 et

323 4541 504 4603 monachis
521 4541 794 4603 Cassinensibus
818 4542 988 4604 traditum
1013 4553 1068 4604 est
1083 4542 1118 4618 ὁ).
1159 4543 1289 4604 Paucis
1313 4544 1414 4605 annis
1439 4552 1520 4624 post
1539 4543 1645 4623 (1998)
1664 4541 1915 4604 Leitomischlii
1932 4559 2061 4602 novum

455 4810 475 4890 ¹)
499 4812 590 4868 Frind
614 4813 632 4867 l.
658 4832 684 4867 e.
708 4813 731 4867 1.

454 4924 475 5004 ²)
501 4926 590 5001 del
617 4926 674 4980 Die
699 4925 893 4998 herzogliche
917 4926 1231 4982 Benedictiner-Abtei
1257 4926 1401 4981 Kladrau.

453 5034 477 5114 ³)
500 5038 577 5093 Vide
600 5036 692 5093 Frind
717 5038 734 5092 l.
760 5058 785 5092 c.
810 5039 832 5093 1.

455 5147 477 5225 4)
501 5149 591 5204 Frind
615 5150 633 5205 l.
659 5171 685 5205 c.

455 5257 477 5337 ⁵)
503 5261 613 5328 Dudik‚
639 5262 781 5334 lfaigerm
807 5262 827 5316 1.

454 5368 477 5450 ⁶)
501 5371 648 5436 Schallm,
674 5373 895 5448 'l‘opographie
919 5393 978 5428 ron
1003 5374 1147 5429 Bdhmen.
