4252 6112
924 482 1207 553 ,405-

196 667 348 746 Scherer.)
369 671 491 728 Prostat
511 658 590 745 apud
607 670 726 726 Herder
741 671 765 725 F
767 668 880 745 riburgi
898 673 926 726 in
943 671 1024 726 Bris·
1063 678 1066 741 1

1191 665 1273 746 Ipse
1287 686 1355 728 non
1373 667 1495 747 solum,
1514 679 1552 729 ut
1564 687 1672 749 supra
1683 668 1776 748 (vide
1786 667 1933 730 Adrian.

195 775 295 847 guvia.
327 772 550 830 8V0¹·i1¹8⁰·
579 772 760 840 lambrum,
791 774 880 847 ¹853·
909 775 1023 851 Appar.
1063 744 1066 813 Ι
1106 788 1268 869 (iretsch)
1284 800 1594 852 commemoratum
1608 800 1673 871 est,
1688 790 1875 853 conciones
1888 791 1934 851 ab

196 892 256 932 tres
274 877 431 934 editiones

283 1014 337 1074 Ex
363 1015 488 1075 eodem
510 1032 618 1094 opere
635 1013 781 1075 seorsim
799 1014 1023 1095 impressum:

281 1160 316 1215 V.
341 1158 559 1214 Homiletische
580 1158 751 1231 Erklarung
775 1157 848 1214 aller
872 1159 1024 1233 evangeli-

194 1262 287 1317 schen
304 1261 483 1337 Periknpen.
501 1257 530 1338 (i.
545 1279 570 1317 e.
585 1262 734 1335 Exegesis
750 1264 879 1318 omnium
893 1282 1024 1337 evange·

195 1365 300 1421 liorum
317 1368 409 1421 totius
426 1367 504 1421 anni.
531 1381 546 1421 2
567 1366 625 1422 vol.

281 1470 331 1526 Vl.
348 1470 534 1526 Passionale.
556 1485 567 1526 1
589 1470 648 1526 vol.

281 1574 347 1630 Vll.
364 1574 662 1649 Exempel·Lexicon
676 1574 722 1630 fiir
735 1574 879 1648 Prediger
891 1573 950 1629 und
962 1575 1023 1629 Ka·

195 1678 343 1733 recheten.
361 1676 390 1754 (i.
410 1696 436 1733 e.
454 1679 589 1734 Lexicon
607 1679 812 1754 exemplorum
830 1697 885 1754 pro
902 1680 1024 1734 concio·

194 1780 350 1837 natoribus
359 1796 389 1837 et
399 1781 585 1860 catechetis.)
594 1782 920 1857 lnnsbruck,Wagncr.
932 1781 1023 1855 1871.

194 1887 240 1941 De
258 1887 315 1941 hoc
332 1904 426 1962 opere
443 1886 593 1961 usquead
610 1900 735 1942 mortem
753 1888 887 1943 auctoris
903 1885 1024 1961 prodie-

194 2004 260 2045 runt
288 1990 348 2046 duo
375 1990 536 2046 volumina.
572 1991 698 2046 Restant
729 1990 844 2046 edenda
875 1990 934 2046 duo
965 1989 1024 2046 alia

193 2095 357 2160 volumina,
386 2113 464 2168 quae
493 2093 735 2169 compilabuntur
761 2113 779 2149 a
807 2093 1023 2170 capitularibus

194 2197 433 2255 Fiechtensibus

281 2362 494 2436 Scherlich
510 2375 751 2456 Leopoldus
769 2374 1022 2456 (Scotensis),

195 2502 298 2552 natus
316 2501 370 2553 est
382 2491 544 2554 Viennae
560 2492 596 2554 in
613 2493 785 2556 suburbio
798 2514 925 2575 campo
938 2492 1023 2558 Sco·

194 2624 309 2673 torum
327 2613 384 2674 die
398 2634 426 2690 9.
437 2612 526 2677 Nov.
542 2633 632 2692 1791.
650 2612 685 2678 S.
699 2615 822 2677 habitu
836 2635 914 2678 cum
928 2624 1024 2677 esset

193 2734 336 2796 indutus
351 2735 407 2796 die
426 2739 472 2797 18.
487 2734 586 2817 Sept.
606 2742 696 2818 1814,
709 2749 795 2800 vota
807 2737 1024 2800 sollemniter

194 2857 309 2917 emisit
327 2861 354 2918 5.
373 2854 452 2919 Oct.
471 2863 560 2936 1817.
585 2859 672 2922 Erat
688 2879 730 2922 eo
747 2871 907 2941 tempore
922 2869 1023 2922 tanta

194 2979 418 3040 sacerdotum
435 2978 470 3040 in
484 2981 699 3044 monasterio
712 2981 752 3043 B.
766 2981 814 3045 M.
823 2981 866 3043 V.
882 2983 927 3043 ad
937 2978 1023 3045 Sco-

192 3111 248 3161 tos
262 3100 421 3181 penuria,
435 3111 473 3163 ut
486 3102 595 3164 cultui
608 3102 727 3166 divino
742 3116 912 3166 consueto
926 3124 1023 3167 more

193 3225 357 3284 obeundo
367 3241 438 3284 non
448 3221 661 3286 sufficerent.
679 3223 797 3304 Quare
810 3225 915 3287 tertio
924 3226 1023 3288 theo·

192 3344 310 3426 logiae
327 3364 420 3406 anno
437 3345 601 3408 absoluto
624 3366 703 3408 eum
719 3349 832 3410 abbas
854 3347 923 3410 sibi
943 3368 1022 3429 pre-

192 3468 374 3547 sbyterum
402 3466 556 3528 ordinari
584 3467 688 3548 petiit
715 3480 751 3530 et
780 3470 933 3533 obtinuit
965 3471 1021 3533 die

193 3593 242 3649 30.
254 3587 349 3669 Aug.
364 3591 453 3649 1818.
471 3587 598 3650 Finitis
615 3589 740 3651 studiis
759 3595 839 3652 1820
854 3591 889 3653 in
903 3612 1021 3654 curam

192 3709 386 3771 animarum
405 3710 560 3771 directus
577 3720 632 3772 est
647 3710 797 3792 primum
811 3723 1022 3794 cooperator

192 3831 226 3892 in
248 3832 403 3914 Pulkau‚
429 3833 557 3894 deinde
588 3833 621 3895 in
646 3834 815 3896 suburbio
842 3833 1021 3916 Gumpen·

1104 911 1164 972 illo
1181 911 1410 973 celeberrimo
1427 912 1526 973 verbi
1544 912 1654 974 divini
1675 914 1852 994 praecone
1874 913 1935 973 ha·

1104 1033 1198 1095 bitas
1219 1053 1355 1095 summa
1380 1054 1458 1096 cum
1483 1033 1668 1117 diligentia
1690 1033 1934 1115 industriaque

1105 1155 1249 1237 collegit
1270 1165 1379 1237 atque
1399 1157 1495 1237 typis
1517 1157 1674 1218 edendas
1698 1156 1845 1236 curavit,
1870 1157 1934 1217 sed

1105 1277 1211 1339 etiam
1242 1278 1361 1358 plures
1389 1298 1410 1339 a
1437 1297 1476 1339 se
1503 1277 1653 1340 diversis
1686 1277 1934 1341 occasionibus

1104 1400 1245 1462 habitas
1266 1399 1445 1463 orationes
1467 1400 1725 1481 concionesque
1749 1399 1847 1481 typis
1874 1400 1934 1460 de-

1105 1522 1296 1584 mandavit.
1315 1523 1507 1584 Praeterea
1523 1522 1650 1584 librum
1664 1540 1809 1602 precum
1822 1520 1934 1583 edidit

1104 1645 1171 1705 sub
1188 1643 1308 1706 titulo:

1191 1806 1213 1860 1.
1239 1805 1394 1861 Frommer
1417 1806 1524 1861 Gruss.
1550 1805 1606 1860 Ein
1628 1804 1742 1862 Gebet·
1764 1804 1822 1861 und
1838 1803 1933 1860 Wall-

1103 1908 1278 1965 sahrtsbuch
1304 1909 1349 1965 fiir
1371 1909 1550 1983 andachtige
1574 1909 1714 1965 Christen
1745 1908 1803 1964 und
1831 1907 1933 1963 wahre

1103 2013 1255 2070 Verehrer
1265 2015 1407 2069 Mariens.
1425 2028 1436 2069 1
1455 2013 1513 2068 vol.
1527 2012 1671 2095 Viennae,
1689 2015 1768 2088 typis
1782 2026 1811 2068 et
1824 2024 1932 2087 sumpt.

1103 2118 1252 2193 Leopoldi
1265 2116 1379 2175 Grund.
1397 2118 1471 2173 Cum
1490 2119 1617 2191 imagine
1631 2119 1756 2191 virginis
1771 2117 1932 2191 Deiparae.

1190 2241 1227 2296 11.
1244 2240 1415 2295 Conciones
1428 2240 1507 2314 typis
1520 2238 1631 2294 editae:
1649 2238 1710 2313 Bey
1724 2237 1932 2312 Gelegenheit,

1103 2344 1147 2400 als
1171 2343 1225 2400 der
1248 2346 1276 2399 in
1300 2343 1354 2399 der
1375 2342 1477 2399 Plarre
1494 2340 1539 2398 St.
1557 2343 1693 2398 Laurenz
1717 2343 1754 2397 im
1773 2339 1933 2398 Schotten·

1105 2449 1182 2505 felde
1199 2447 1350 2522 gebildete
1371 2461 1452 2504 erste
1474 2448 1655 2522 organisirte
1672 2445 1932 2503 Kirchen-Musik·

1104 2556 1206 2610 verein
1223 2554 1263 2609 W
1265 2556 1328 2610 iens
1345 2572 1391 2608 am
1408 2554 1432 2608 F
1434 2567 1498 2608 este
1516 2552 1569 2608 der
1585 2552 1653 2608 heil.
1671 2551 1784 2608 Cacitia
1801 2549 1855 2605 das
1871 2561 1932 2604 sta·

1105 2661 1318 2731 tutenmassige
1344 2656 1491 2713 Danksest
1516 2657 1638 2732 beging.
1668 2655 1812 2721 Viennae,
1842 2652 1932 2727 1829,

1105 2775 1166 2837 typ.
1183 2763 1295 2835 Congr.
1313 2762 1453 2817 Mechith.
1477 2795 1520 2802 —
1543 2761 1597 2816 Am
1615 2761 1707 2816 Feste
1728 2759 1781 2815 der
1803 2758 1933 2832 heiligen

1104 2865 1269 2923 Elisabeth.
1287 2866 1431 2931 Viennae,
1454 2864 1543 2936 1831,
1567 2867 1646 2940 typis
1668 2882 1773 2937 congr.
1791 2861 1930 2918 Mechith.

1103 3003 1145 3011 -
1171 2970 1270 3027 Ueber
1297 2971 1354 3026 den
1383 2971 1481 3025 hohen
1505 2969 1611 3025 Werth
1639 2968 1694 3024 der
1721 2965 1932 3024 Kleinkinder·

1103 3075 1236 3131 schulen.
1261 3076 1404 3141 Viennae,
1434 3072 1524 3145 1831,
1550 3088 1611 3149 typ.
1638 3087 1668 3128 et
1693 3085 1801 3148 sumpt.
1827 3088 1931 3143 congr.

1103 3179 1243 3236 Mechith.
1268 3211 1310 3220 -
1336 3179 1397 3252 Bey
1414 3177 1628 3251 Gelegenheit,
1652 3177 1696 3232 als
1718 3175 1765 3232 die
1787 3174 1932 3231 Cholera·

1103 3282 1261 3339 krankheit
1273 3283 1339 3339 dem
1349 3281 1530 3338 Vaterlande
1543 3281 1659 3336 drohte.
1677 3279 1821 3344 Viennae,
1840 3276 1930 3349 1831,

1103 3402 1165 3464 typ.
1184 3406 1288 3461 congr.
1306 3387 1446 3443 Mechith.
1472 3419 1509 3426 —
1538 3383 1638 3442 Ueber
1663 3385 1711 3441 die
1734 3391 1932 3459 ungesaumte

1103 3492 1346 3567 Krankenpilege
1378 3489 1425 3546 bei
1461 3490 1514 3545 der
1544 3487 1770 3545 verheerenden
1802 3486 1930 3545 Seuche.

1102 3596 1244 3659 Viennae,
1262 3594 1352 3666 1831,
1371 3608 1432 3669 typ.
1451 3608 1480 3650 et
1492 3607 1599 3669 sumpt.
1616 3612 1721 3668 congr.
1734 3591 1875 3648 Mechith.
1888 3624 1931 3631 —

1102 3702 1127 3758 V
1130 3715 1313 3774 orgetragen
1327 3719 1361 3755 zu
1371 3699 1520 3755 Mariazell
1537 3701 1566 3753 in
1579 3697 1773 3754 Steiermark.
1787 3698 1930 3762 Viennae,

1107 3805 1196 3877 1832,
1214 3819 1275 3880 typ.
1289 3822 1394 3877 congr.
1409 3803 1548 3859 Mechith.
1566 3835 1607 3843 —
1624 3801 1680 3857 Am
1693 3802 1784 3858 Feste
1796 3800 1850 3856 der
1862 3800 1930 3856 heil.

1102 3910 1217 3966 Ursula.
1247 3909 1395 3972 Viennae,
1424 3900 1514 3978 183),
1546 3919 1607 3982 typ.
1636 3919 1667 3961 et
1689 3918 1798 3980 sumpt.
1825 3922 1929 3978 congr.

192 3952 274 4014 dors
293 3959 382 4035 1824,
400 3955 541 4016 demum
562 3957 639 4033 1827
662 3955 696 4016 in
717 3957 886 4038 paroehia
903 3977 1021 4020 mona·
1059 4034 1062 4055 τ
1102 4013 1240 4071 Mechith.
1266 4044 1305 4053 -
1333 4010 1388 4066 Am
1406 4008 1714 4069 Restaurationsleste
1736 4009 1790 4065 des
1806 4008 1931 4065 Wiener

192 4076 290 4137 sterii
301 4076 880 4141 curatietconcionatorismunere
891 4099 1021 4162 magna
1059 4072 1062 4189 l
1101 4117 1343 4193 Btrgerspitalcs
1371 4136 1404 4171 zu
1429 4114 1474 4171 St·
1499 4115 1632 4171 Markus.
1661 4114 1810 4179 viennae,
1840 4111 1929 4184 1334,

193 4219 271 4260 cum
295 4198 400 4259 laude
422 4210 477 4271 est
497 4198 648 4262 functus.
674 4199 815 4264 Sodalis
839 4201 1021 4264 societatis
1059 4200 1062 4291 ξ
1102 4237 1163 4298 typ.
1186 4237 1215 4278 ει
1235 4235 1344 4297 sumpt.
1363 4221 1460 4295 Leop,
1478 4218 1592 4276 omna,
1616 4252 1659 4260 -
1682 4219 1739 4275 Am
1762 4219 1853 4275 Feste
1877 4217 1930 4273 des

193 4321 441 4382 oeconomicae
451 4321 613 4383 Viennae
630 4326 709 4400 1834
723 4321 849 4404 factus,
866 4343 958 4386 anno
971 4323 1021 4386 in·
1059 4304 1062 4397 Ι
1101 4328 1169 4383 heil.
1188 4328 1311 4403 Rupert.
1337 4326 1480 4392 Viennae,
1503 4323 1592 4396 1834,
1615 4338 1677 4400 typ.
1699 4325 1796 4399 Leop.
1813 4320 1929 4379 Grund.

193 4452 367 4524 sequente
398 4443 603 4524 parochiam
634 4444 669 4506 in
700 4444 1025 4529 Kleinengersdorf
1059 4406 1062 4483 l
1100 4433 1218 4488 —Zur
1235 4430 1459 4488 Secundizleier
1474 4427 1571 4507 (conc.
1585 4425 1744 4504 secundit.)
1761 4428 1815 4484 des
1826 4426 1929 4483 P.Ro·

194 4585 272 4627 cum
283 4565 489 4626 oeconomia
499 4566 745 4628 administrare
754 4567 882 4650 coepit.
896 4568 1020 4630 Mense

393 4687 399 4700 .
632 4688 637 4700 .
946 4689 951 4702 .
974 4689 979 4701 .
1101 4638 1217 4696 Grund.

192 4688 267 4750 Iun.
289 4692 369 4749 1838
391 4708 427 4750 111
448 4699 699 4765 monasterium
724 4690 848 4771 redux,
872 4702 1020 4752 novitio·

1188 4803 1372 4877 Scheuer
1391 4813 1584 4876 Leander
1609 4813 1929 4894 (Altenburgen·

193 4953 304 4994 annos
318 4931 544 5013 cumfuisset,
562 4952 681 4994 rursus
695 4933 888 4996 animarum
902 4953 1020 4995 curam
1058 4926 1062 5007 i
1101 4933 1182 5011 sis),
1199 4932 1434 4995 Vindobonae
1457 4932 1493 4995 in
1516 4933 1664 4995 Austria
1689 4932 1746 4994 die
1770 4938 1800 4995 3.
1824 4931 1928 4994 Mart.

191 4830 267 4871 rum
285 4810 455 4893 magister
471 4821 508 4872 et
524 4821 639 4872 rector
652 4810 858 4873 clericorum
871 4830 936 4893 per
947 4822 1021 4873 tres

108 5054 115 5063 '
193 5055 350 5136 satisque
379 5055 532 5135 amplam
560 5055 802 5118 oeconomiam
830 5065 955 5118 nactus
984 5055 1020 5118 in
1107 5058 1188 5132 1750
1204 5063 1317 5133 natus,
1339 5073 1365 5115 s,
1383 5055 1505 5116 habitu
1528 5054 1584 5116 die
1608 5058 1657 5116 28.
1675 5053 1754 5118 Oct.
1777 5060 1856 5133 1769
1877 5054 1928 5116 in-

193 5177 446 5258 Gaunersdorf,
465 5178 498 5239 in
516 5198 652 5241 summa
664 5189 700 5241 et
714 5179 879 5242 continua
891 5168 1020 5240 sbllici·
1059 5204 1062 5281 Ι
1101 5178 1217 5256 dutus,
1235 5178 1360 5238 eodem
1377 5177 1434 5238 die
1450 5177 1630 5255 anni1770
1648 5179 1831 5241 sollemnia
1843 5191 1928 5241 vota

192 5301 314 5362 tudine
339 5301 449 5362 vitam
472 5301 662 5382 transegit,
688 5304 802 5364 donec
825 5320 917 5362 mors
941 5320 1020 5363 eum
1102 5298 1227 5379 emisit,
1253 5309 1289 5361 et
1310 5298 1509 5361 sacerdotio
1533 5298 1778 5381 inauguratus,
1803 5301 1860 5363 die
1881 5321 1927 5366 12.

192 5422 340 5484 abstulit
357 5423 413 5484 die
432 5426 460 5483 5.
478 5420 577 5503 Sept.
600 5428 690 5485 1852.
760 5448 767 5459 ·
1103 5421 1189 5502 Apr.
1208 5428 1286 5501 1773
1304 5422 1453 5503 primum
1470 5422 1598 5484 missae
1615 5422 1824 5486 sacrificium
1838 5425 1928 5487 cele-

1101 4555 1168 4591 man
1185 4536 1299 4591 Mittich
1317 4554 1345 4591 0.
1363 4555 1387 4591 s.
1406 4536 1437 4590 B.
1460 4534 1604 4599 Viennae,
1632 4532 1721 4604 1834,
1747 4545 1808 4607 typ.
1831 4531 1928 4603 Leop.
2010 4554 2016 4571 ι
