4222 6106
928 458 1183 543 „36-

189 668 334 731 diorum.
351 667 422 729 Per
432 666 541 726 breve
554 672 695 744 tempus
707 661 848 745 peregit
860 659 1015 724 officium

189 808 329 872 quoque
341 785 619 851 vice-secretarii
632 784 931 868 congregationis.
940 783 1014 845 An·

188 930 233 974 no
248 914 327 991 1859
341 909 469 973 missus
478 918 533 972 est
542 906 885 987 Constantinopolim
898 903 1015 967 officio

187 1033 372 1096 functurus
383 1030 594 1113 professoris
607 1029 642 1092 in
655 1028 807 1111 collegio
818 1026 1015 1090 Mechitha-

187 1154 352 1218 ristarum
364 1153 627 1216 Viennensium.
649 1153 737 1214 Post
752 1149 886 1231 aliquot
903 1166 1014 1210 annos

187 1275 398 1339 missionarii
417 1274 604 1358 apostolici
624 1293 749 1336 munus
767 1248 907 1353 quoque
924 1268 1015 1332 acci·

188 1396 299 1479 piens,
315 1398 439 1460 eodem
454 1398 499 1459 ad
512 1396 720 1459 hodiernum
736 1393 829 1456 diem
845 1391 1013 1474 fungitur.

274 1519 395 1603 Opera
407 1520 483 1582 eius
495 1519 530 1581 in
542 1519 664 1601 lingua
672 1516 909 1579 Neo-armena
918 1510 1015 1595 typis

188 1642 299 1705 edita:

274 1768 296 1823 1.
316 1764 521 1843 1717ρν071151,
544 1767 562 1822 1.
577 1782 603 1820 0.
617 1762 783 1829 Elisabeth,
801 1760 934 1816 narratio
951 1776 1016 1814 mo·

187 1873 257 1929 ralis
283 1866 500 1950 (romanensis),
527 1888 563 1925 ex
588 1866 774 1944 temporibus
796 1867 928 1940 equitum
949 1881 1016 1919 cru·

188 1976 357 2034 ciserorum.
379 1974 491 2031 Libera
506 1975 607 2029 versio
624 1991 661 2028 ex
678 1972 748 2047 ling.
765 1969 908 2026 German.
925 1968 1016 2025 Vien-

187 2100 253 2150 nae,
271 2082 350 2157 typis
366 2079 505 2135 Mechith.
528 2075 617 2149 1858.
801 2123 807 2134 .

274 2185 310 2241 11.
328 2181 559 2264 «anamma
578 2179 637 2252 ς71
651 2181 758 2252 11114,
772 2180 871 2253 7....4,
888 2179 907 2233 5,
921 2194 947 2233 e.
962 2176 1015 2231 Hi-

187 2290 282 2345 storia
294 2290 406 2345 veteris
419 2301 449 2343 et
461 2288 530 2342 novi
545 2285 687 2353 foederis,
701 2285 730 2339 in
744 2302 829 2338 usum
842 2281 1014 2338 inferiorum

187 2393 367 2449 scholarum.
383 2392 526 2457 Viennae,
543 2391 623 2465 typis
638 2386 777 2444 Mechith.
799 2383 889 2443 1860.

274 2496 326 2552 111.
351 2489 922 2573 70701417407114704711017,
947 2491 965 2545 i.
987 2507 1013 2544 e.

187 2600 402 2676 Compendium
423 2599 470 2655 vel
493 2616 608 2654 summa
633 2596 824 2653 scientiarum
846 2607 875 2650 et
895 2594 1013 2649 artium.

186 2705 329 2772 Viennae,
346 2705 426 2780 typis
441 2702 580 2758 Mechith.
591 2697 692 2781 41801.

274 2808 323 2865 IV.
337 2807 532 2883 ”wineth-⁴*
539 2803 790 2880 prophanae&
804 2803 822 2858 i.
837 2820 863 2858 e.
875 2799 1014 2857 Selectae

187 2913 332 2970 lectiones
349 2914 377 2967 in
393 2911 464 2985 ling.
475 2910 591 2966 Gallica
608 2922 638 2965 et
649 2909 861 2974 Neo-armena,
879 2924 945 2962 cum
962 2906 1014 2962 de-

187 3017 350 3073 claratione
367 3017 496 3072 omnium
513 3031 610 3091 prope
630 3011 846 3069 vocabulorum
867 3010 906 3066 ad
925 3008 1014 3066 facile

187 3120 378 3196 intelligenda
402 3132 433 3175 et
451 3117 601 3180 vertenda
617 3118 730 3191 scripta
751 3116 779 3170 in
799 3115 870 3189 ling.
888 3113 966 3170 Gall.
984 3126 1014 3170 et

185 3225 308 3283 Armen.
325 3225 468 3289 Viennae,
485 3223 565 3298 typis
581 3220 722 3276 Mechith.
743 3217 832 3292 1872.

268 3334 575 3412 Caracaschian
600 3344 808 3408 Matthias
836 3341 1013 3426 (Mechi-

185 3464 393 3547 tharista),
419 3462 727 3546 Constantinopoli
752 3464 809 3527 die
838 3486 884 3528 11.
908 3464 1011 3527 Febr.

189 3590 270 3649 1818
283 3594 397 3667 natus,
410 3585 571 3648 Viennae
588 3586 623 3648 in
635 3587 755 3649 Austr.
771 3586 895 3649 habitu
912 3607 938 3648 s.
956 3587 1013 3649 die

189 3729 236 3770 10.
250 3707 338 3789 Apr.
356 3711 433 3770 1835
452 3707 605 3789 indutus,
620 3707 676 3770 die
690 3712 719 3769 8.
732 3707 818 3771 Dec.
836 3712 916 3771 1830
929 3717 1013 3771 vota

186 3829 302 3892 emisit
318 3841 354 3892 et
375 3829 432 3891 die
458 3851 482 3890 1.
504 3829 592 3892 Nov.
615 3833 696 3906 1840
712 3839 941 3893 consecratus
958 3841 1013 3892 est

186 3953 384 4033 presbyter.
398 3951 438 4013 In
451 3951 664 4014 monasterio
673 3950 793 4013 docuit
803 3951 961 4034 linguam
970 3971 1012 4014 ac

185 4073 403 4135 literaturam
424 4072 608 4136 classicam
624 4074 818 4135 Armenam
840 4083 876 4137 et
896 4074 1013 4136 studia

185 4193 400 4256 humaniora.
414 4195 520 4257 Anno
537 4199 617 4273 1849
631 4194 758 4256 missus
772 4204 827 4258 est
840 4194 1012 4258 Constan-

186 4316 380 4396 tinopolim.

273 4436 394 4518 Opera
417 4438 492 4500 eius
516 4437 550 4500 in
578 4437 700 4520 lingua
718 4437 1011 4499 Palaeo=armena

185 4559 282 4643 typis
299 4546 414 4621 editas

272 4685 295 4740 ¹·
308 4686 514 4763 &widila
525 4688 616 4763 1110
627 4688 709 4764 {¹⁰⁰²
720 4686 895 4760 110411·
908 4686 1012 4741 Ludo-

184 4791 242 4845 rici
260 4789 386 4845 Racine:
405 4791 515 4846 Pocme
532 4790 570 4846 de
585 4790 613 4846 l'a
629 4790 769 4864 religion3
787 4792 888 4845 versio
904 4792 1013 4846 111101-

184 4912 237 4949 sus
258 4893 533 4961 Palam-armenos,
558 4913 624 4950 cum
644 4893 898 4951 adnotationibus
922 4895 1013 4951 Vien-

185 5015 251 5062 nae,
269 5011 330 5073 typ.
347 4998 487 5055 Mechith.
509 4997 598 5070 1842.

272 5101 310 5156 11.
327 5100 704 5178 κωμωωμωραιηιβῦωϊ
715 5107 869 5178 auferebum,
882 5107 900 5161 i,
914 5123 940 5161 e,
954 5104 1013 5162 Ars

186 5203 336 5259 rhetorica
349 5204 489 5263 Armena.
506 5207 649 5275 Viennae,
667 5209 746 5283 typis
762 5209 900 5266 Mechith.
922 5208 1012 5282 1844.

273 5306 521 5384 111.“Ι,ᾗωμιυι71ῤ71
536 5313 677 5384 ηωιΓωϊθ,
695 5313 712 5368 1.
725 5331 751 5368 e.
765 5313 900 5369 Historia
913 5313 1013 5370 litera·

186 5424 270 5466 turae
287 5413 472 5469 universalis.
493 5414 636 5484 Viennae,
659 5418 738 5492 typis
758 5418 899 5475 Mechith.
920 5417 1010 5492 1845.

1180 651 1407 748 casparian
1422 664 1929 748 Minasfflechitharista).

1093 780 1236 844 Artuini
1256 780 1291 844 in
1311 783 1483 847 Armenia
1503 785 1627 848 maiori
1646 794 1762 849 natus.
1792 785 1861 848 Est
1880 803 1929 846 ex

1093 923 1238 967 numero
1261 923 1381 967 eorum
1404 915 1545 988 patrum
1564 907 1928 989 Mechitharistarum,

1095 1026 1154 1108 qui
1170 1047 1263 1090 anno
1283 1033 1361 1107 1773
1376 1028 1539 1092 Venetiis
1555 1030 1822 1113 emigraverunt
1837 1028 1929 1091 Ter·

1093 1157 1208 1230 geste.

1182 1267 1303 1351 Opera
1319 1270 1395 1334 eius
1411 1271 1508 1354 typis
1524 1274 1708 1335 mandata:

1179 1394 1202 1451 1.
1215 1394 1320 1470 (lupo
1332 1394 1568 1472 <duplantur
1579 1398 1752 1470 afaikan-p,
1765 1399 1784 1454 i.
1797 1414 1825 1453 e.
1837 1395 1932 1473 Opus

1093 1498 1320 1567 arithmeticum,
1342 1518 1422 1556 novo
1444 1500 1586 1557 methodo
1609 1503 1813 1577 conscriptum
1835 1518 1931 1577 prae·

1095 1604 1183 1677 cipue
1196 1604 1223 1658 in
1236 1622 1322 1659 usum
1336 1618 1536 1661 mercatorum
1553 1618 1611 1662 ete.
1627 1604 1788 1662 Armenice
1799 1618 1833 1662 et
1844 1604 1931 1662 Tur·

1095 1708 1168 1773 eice,
1185 1709 1357 1783 separatim.
1375 1708 1528 1783 Tergesti,
1545 1711 1625 1785 typis
1640 1709 1781 1767 Mechith.
1802 1706 1898 1783 1787.

1181 1811 1767 1892 11·ttw·r⁵em²1trtu1m·12·⁴ette.
1788 1814 1807 1869 i·
1821 1831 1851 1870 e.
1864 1812 1931 1869 Ro-

1094 1914 1219 1972 bertson
1235 1914 1339 1992 Angli:
1356 1917 1491 1974 Historia
1506 1916 1673 1985 Americae,
1689 1919 1793 1974 versio
1807 1919 1839 1973 in
1855 1917 1930 1993 ling.

1095 2018 1372 2076 Palam-armenam
1389 2039 1456 2077 cum
1471 2020 1668 2078 vocabulario
1689 2018 1774 2078 brevi
1790 2039 1932 2098 geogra-

1094 2122 1355 2198 phico-historico,
1381 2123 1420 2180 ab
1444 2126 1511 2202 ipso
1535 2125 1717 2182 translatore
1737 2126 1931 2202 conscripto.

1095 2242 1111 2283 2
1129 2228 1189 2284 vol.
1207 2227 1360 2302 Tergesti,
1377 2230 1456 2304 typis
1471 2228 1612 2286 Mechith.
1633 2227 1724 2303 1786.
1829 2217 1836 2224 ⁶

1181 2352 1428 2449 Casparides
1455 2368 1620 2431 Paulus
1649 2368 1929 2434 Vincentius

1095 2482 1465 2568 (Raigradiensis),
1505 2487 1660 2550 Boiimus
1698 2488 1928 2552 Polickensis

1094 2614 1197 2668 natus
1219 2627 1268 2667 21.
1290 2606 1363 2671 Ian.
1390 2611 1480 2690 1770,
1506 2609 1632 2672 studiis
1655 2610 1928 2675 humanioribus

1094 2728 1129 2791 in
1145 2730 1221 2791 solo
1232 2729 1342 2793 natali
1354 2731 1537 2815 absolutis,
1555 2731 1877 2810 1792010mucium
1891 2734 1927 2797 in

1092 2849 1289 2912 Moraviam
1306 2870 1345 2913 se
1361 2852 1510 2916 contulit
1530 2855 1576 2916 ad
1596 2854 1829 2918 ediscendam
1849 2855 1927 2938 phi·

1092 2971 1299 3055 losophiam,
1309 2975 1404 3055 quod
1416 2975 1560 3038 biennio
1572 2975 1742 3040 eminenti
1752 2997 1835 3041 cum
1847 2997 1925 3042 suc·

1092 3114 1195 3157 cessu
1222 3094 1382 3176 perfecit.
1419 3096 1558 3161 Exinde
1585 3100 1631 3161 ad
1656 3099 1924 3182 Raigradiense

1091 3216 1195 3298 petiit
1216 3217 1348 3299 suscipi
1369 3219 1587 3302 coenobium,
1609 3230 1646 3284 et
1665 3223 1733 3285 sub
1751 3220 1923 3286 Othmaro

1092 3340 1296 3420 praeposito
1309 3344 1360 3403 30.
1372 3340 1461 3404 Nov.
1477 3361 1557 3421 1794
1569 3345 1781 3407 monachum
1798 3344 1922 3427 induit,

1092 3461 1225 3525 Paulus
1252 3472 1410 3526 vocatus.
1443 3463 1500 3528 Ob
1523 3466 1622 3528 varia
1645 3476 1849 3548 temporum
1873 3468 1923 3532 in·

1091 3582 1247 3648 fortunia
1265 3585 1463 3649 tiroeinium
1483 3607 1547 3668 per
1568 3590 1656 3650 duos
1677 3609 1790 3652 annos
1812 3590 1922 3655 conti·

1092 3727 1200 3770 nuare
1225 3719 1370 3770 coactus
1392 3709 1437 3770 ad
1460 3707 1566 3772 finem
1587 3709 1756 3774 Octobris
1779 3714 1922 3776 demum

1097 3834 1175 3909 1796
1199 3829 1374 3891 Viennam
1401 3830 1552 3895 mittitur
1574 3833 1619 3895 ad
1643 3832 1764 3896 studia
1787 3835 1923 3899 theolo-

1090 3951 1173 4034 gica
1211 3951 1410 4014 inchoanda
1445 3952 1564 4034 ibique
1599 3953 1855 4038 Dannemayer
1888 3967 1924 4020 et

1092 4074 1183 4152 Jahn
1206 4073 1468 4153 professoribus
1496 4075 1680 4138 historiam
1704 4077 1924 4143 ecclesiasti·

1092 4216 1168 4258 cam
1185 4205 1221 4259 et
1237 4195 1452 4258 biblisticam
1464 4216 1529 4278 per
1541 4198 1623 4260 anni
1639 4200 1848 4264 scholastici
1864 4203 1924 4264 de·

1091 4338 1241 4399 cursum,
1271 4323 1481 4397 1797-1800
1507 4339 1592 4382 vero
1616 4320 1758 4403 Pragae
1782 4332 1925 4386 ceteras

1091 4439 1298 4521 disciplinas
1313 4441 1535 4524 theologicas
1556 4442 1724 4507 eminenti
1745 4464 1829 4518 cum
1846 4465 1925 4509 suc·

1091 4582 1195 4625 cessu
1215 4562 1351 4625 audivit
1370 4574 1477 4644 atque
1498 4564 1533 4626 in
1557 4565 1712 4647 regulari
1732 4566 1926 4650 disciplina

1091 4685 1188 4765 apud
1196 4684 1268 4748 PP.
1278 4684 1501 4766 Augustinos
1517 4685 1683 4748 habitans
1695 4685 1833 4767 optime
1845 4708 1925 4751 ver-

1091 4814 1191 4868 satus
1203 4817 1268 4869 est.
1289 4805 1476 4869 Absolutis
1488 4806 1549 4888 sic,
1567 4807 1704 4870 cunctis
1716 4809 1925 4890 adproban-

1092 4927 1198 5009 tibus,
1217 4926 1344 4989 studiis
1361 4927 1444 5009 suia,
1468 4930 1616 4992 obtenta
1630 4928 1729 5010 prius
1749 4931 1799 4992 ob
1820 4951 1926 5013 prae·

1092 5050 1206 5111 claros
1240 5067 1452 5131 progressus
1481 5049 1626 5112 licentia
1659 5050 1754 5113 domi
1785 5054 1926 5118 theolo-

1092 5171 1188 5254 giam
1212 5173 1379 5234 moralem
1400 5183 1436 5234 et
1456 5174 1673 5253 pastoralem
1695 5176 1847 5239 secundi
1868 5196 1924 5240 se·

1092 5292 1232 5356 mestris
1256 5293 1422 5374 privatim
1446 5294 1620 5378 discendi,
1644 5294 1865 5378 Casparides
1888 5299 1923 5362 in

1090 5414 1183 5478 festo
1206 5434 1233 5479 s.
1257 5414 1441 5479 Trinitatis
1464 5418 1506 5498 (8.
1524 5416 1611 5497 Iun.)
1641 5420 1722 5481 1800
1736 5419 1834 5485 votis
1854 5423 1923 5485 sol·
