4222 6106
922 464 1201 550 ..484-

188 688 310 726 armena
327 683 356 725 et
373 689 438 724 cum
456 666 571 724 crebris
594 671 673 725 notis
690 671 901 742 grammaticis.
926 671 1018 726 Vien-

190 793 256 841 nae,
275 775 354 848 typis
370 773 511 828 Mechith.
534 771 624 829 1866.

274 919 479 1012 Toupalfk
504 931 697 993 Maurus
723 931 1018 1012 (Emautinus

187 1049 591 1128 Montserratensis),
619 1049 798 1110 Bohemus
826 1049 1018 1111 Taborien-

188 1171 246 1251 siS,
269 1180 374 1231 natus
395 1175 486 1250 1789,
509 1170 692 1251 professus
713 1174 804 1252 1815,
828 1173 1019 1252 presbyter

188 1292 372 1354 ordinatus
394 1297 483 1372 1819,
509 1292 691 1372 professor
711 1293 876 1354 classium
896 1293 1017 1354 huma·

188 1414 310 1476 nitatis
327 1426 362 1475 et
378 1414 582 1495 praefectus
598 1415 776 1496 gymnasii
793 1415 1017 1477 Benedictini

188 1536 365 1598 Emautini
387 1538 422 1598 in
445 1537 589 1599 civitate
605 1537 815 1599 Klattoviae
840 1536 1017 1617 emerituS,

187 1659 284 1739 prior
309 1658 513 1719 monasterii
535 1658 722 1738 Emautini,
747 1667 905 1720 mortuus
926 1662 1016 1720 1861.

187 1780 403 1862 Linguarum
416 1780 575 1860 Latinae,
590 1778 761 1860 Graecae,
773 1777 1016 1859 Germanicae,

187 1902 401 1963 Bohemicae
432 1901 686 1982 peritissimus,
717 1901 825 1982 poeta
857 1900 1016 1982 insignis,

187 2024 343 2085 carmina
367 2025 551 2103 praeclara
574 2024 717 2104 Latina,
742 2021 954 2085 Germanica
982 2032 1018 2084 et

187 2145 380 2207 Bohemica
389 2144 588 2225 composuit
602 2144 695 2205 datis
706 2144 950 2205 occasionibus
959 2144 1018 2206 vel

187 2267 416 2328 sollemnibus
433 2267 490 2326 vel
506 2285 571 2347 pro
593 2264 731 2327 circulis
753 2264 945 2327 amicorum
966 2263 1017 2326 fa-

187 2388 391 2450 miliaribus,

273 2508 455 2570 Mentione
472 2507 507 2568 in
523 2507 646 2588 primis
663 2507 787 2588 digna:

274 2634 296 2689 1.
322 2633 469 2689 Salutatio
491 2633 687 2707 aggratulans
708 2634 839 2708 supremi
856 2633 941 2706 regni
958 2632 1016 2687 Βο-

187 2739 303 2794 hemiae
320 2738 485 2811 landgravii
504 2739 621 2792 comitis
634 2737 754 2793 Chotek
767 2736 949 2792 Klattoviam
964 2734 1016 2791 ad-

185 2844 335 2898 venientis
359 2860 437 2896 anno
463 2840 558 2912 1841:
583 2839 725 2896 Plivitani
751 2839 923 2914 nejvyiliho
946 2858 1017 2914 pur·

187 2945 315 3002 krabiho
336 2943 462 3001 hrabete
482 2945 602 3001 Chotka
622 2944 660 2999 do
680 2944 809 3000 Klatova
829 2941 920 3015 1841.
941 2940 1015 2998 bibl.

187 3051 305 3106 Emaut.
323 3052 419 3105 minor
435 3050 502 3104 1111.
525 3064 549 3104 1.
566 3063 596 3119 3.

273 3155 310 3209 11.
334 3156 462 3210 Carmen
483 3152 608 3227 lyricum
632 3153 660 3207 in
680 3148 801 3226 publica
825 3164 855 3206 11
879 3150 1015 3206 sollemni

187 3259 327 3313 classium
341 3257 547 3332 praelectione
562 3257 644 3311 finito
657 3273 735 3311 anno
748 3255 941 3321 scholastico,
955 3272 1015 3328 quo

186 3364 289 3418 Musas
307 3362 478 3416 Klattoviae
496 3359 646 3416 celebravi
664 3355 826 3436 (Musarum
844 3360 1016 3414 Klattoviae

186 3462 318 3542 laudes),
345 3467 423 3540 typis
452 3464 562 3520 editum
589 3464 761 3518 Klattoviae
793 3461 887 3534 1839;
915 3463 1016 3536 lingua

186 3571 364 3626 Bohemica:
398 3569 504 3641 Elegie
532 3569 551 3622 k
579 3567 759 3642 pledneleni
789 3569 836 3642 pli
864 3566 1015 3640 1111111111

185 3674 381 3730 1111111101ἑηί
407 3673 579 3748 prospechu
608 3672 739 3728 mladele
763 3690 802 3726 na
828 3673 1015 3745 gymnasium

186 3778 384 3833 Klatovskem
402 3778 442 3832 ku
455 3778 544 3832 konei
559 3776 697 3832 dkolniho
711 3777 789 3832 roku
803 3774 892 3846 1839.
906 3775 932 3830 V
944 3774 1015 3829 Kla-

190 3882 299 3937 tovech
321 3881 410 3952 1839.
429 3882 461 3935 In
477 3879 549 3936 bibl.
565 3881 723 3935 Emautina
741 3881 847 3934 minori
864 3879 931 3934 XII.
946 3893 971 3933 1.
985 3893 1014 3949 4.

271 4005 324 4058 111.
351 4004 479 4059 Carmen
498 4003 690 4059 Bohemicum
711 4005 847 4058 iocosum
870 4003 898 4055 in
918 3999 1015 4075 poda·

186 4127 282 4179 gram,
305 4126 370 4161 curn
389 4107 466 4161 idern
489 4109 554 4180 ipse
568 4106 705 4180 podagra
721 4106 914 4161 vehementer
930 4101 1015 4159 labo-

185 4224 277 4275 raret,
291 4212 473 4284 composuit,
488 4208 569 4282 quod
583 4227 702 4265 carmen
715 4208 835 4282 quidam
848 4210 912 4263 eius
925 4207 1015 4264 disci-

187 4314 335 4388 pulorum,
353 4332 440 4386 quem
455 4314 599 4387 inprimis
617 4331 717 4367 carum
734 4310 846 4379 habuit,
863 4313 1015 4386 parochus

186 4417 292 4482 sactus,
311 4419 378 4490 ipso
395 4418 490 4471 inscio
507 4419 536 4470 in
549 4415 707 4471 novalibus
724 4416 823 4488 Kvety
839 4411 951 4492 (flores)
969 4428 1014 4488 ty·

185 4525 233 4597 pis
251 4539 426 4596 expressum
445 4518 596 4595 publicum
613 4518 693 4574 fecit.

271 4666 502 4739 Treuinfels
518 4678 600 4739 Leo
617 4679 665 4740 M.
684 4678 1014 4760 (Mariaemonta-

183 4797 281 4876 nus),
306 4804 410 4857 natus
434 4795 608 4877 Tergeste
626 4797 766 4878 (Triest)
792 4797 1014 4875 4.Iun.1848

185 4917 312 4978 studiis
339 4916 517 4997 gymnasii
547 4917 729 4980 Meraniae
758 4919 905 5000 egregia
935 4939 1013 4979 curn

184 5039 290 5099 laude
306 5039 481 5100 absolutis
501 5040 660 5102 ordinem
682 5041 865 5122 ingressus
886 5050 941 5103 est
964 5062 1013 5102 20.

185 5157 286 5239 Sept.
307 5163 397 5238 1865,
416 5168 502 5221 vota
520 5161 703 5223 sollemnia
724 5162 840 5224 emisit
862 5183 907 5225 11.
925 5161 1013 5224 Nov.

191 5287 284 5363 1869,
313 5303 339 5344 s,
367 5283 638 5363 presbyteratus
667 5283 826 5345 ordinem
857 5283 1015 5365 suscepit

186 5403 355 5464 Brixinae
378 5424 427 5466 22.
444 5403 518 5465 Ian.
542 5409 616 5481 1871
645 5415 680 5466 et
704 5403 739 5465 in
762 5405 893 5466 sacello
914 5426 1014 5487 gym-

1099 666 1189 728 nasii
1206 665 1429 728 Meranensis
1448 688 1475 728 2.
1490 666 1595 729 Febr.
1613 687 1644 729 e.
1661 688 1691 728 a.
1708 668 1839 747 primum
1851 691 1887 732 sa-

1099 807 1196 849 crum
1208 788 1287 848 Deo
1300 787 1518 849 sollemniter
1530 788 1670 850 obtulit.
1694 788 1729 850 Is
1741 799 1886 871 postquam

1098 929 1163 990 per
1178 909 1359 971 biennium
1375 910 1570 995 (1872-74)
1590 911 1626 973 in
1642 910 1736 973 univ.
1751 910 1887 994 Oenipon·

1098 1041 1182 1093 tana
1207 1031 1379 1094 historiae
1407 1032 1559 1094 naturali
1587 1032 1723 1114 optimo
1750 1053 1887 1098 111111311-

1099 1173 1202 1216 cessu
1219 1173 1364 1235 operam
1378 1154 1534 1235 navavit,
1551 1154 1758 1236 praedictae
1773 1155 1887 1238 discipli-

1098 1296 1165 1337 nae
1193 1275 1450 1357 professionem
1478 1276 1513 1338 in
1541 1276 1729 1358 gymnasio
1757 1279 1887 1358 superiori

1098 1398 1304 1479 auspicatus
1332 1397 1507 1478 simulque
1535 1417 1667 1479 pueros
1698 1397 1734 1459 in
1763 1399 1886 1461 convictu

1099 1529 1221 1580 nostro
1237 1538 1301 1600 per
1316 1518 1497 1580 biennium
1515 1520 1722 1580 moderatus
1738 1528 1797 1580 est.

1184 1639 1300 1703 Studii
1323 1660 1431 1701 causa
1446 1660 1512 1721 per
1527 1640 1605 1702 loca
1622 1650 1820 1721 montesque
1832 1661 1885 1721 pro

1097 1762 1213 1824 fectus
1227 1770 1335 1842 atque
1346 1762 1476 1823 herbas
1489 1771 1669 1824 scrutatus
1682 1763 1885 1824 maximarum

1097 1883 1271 1945 industria
1300 1883 1458 1944 libellum
1485 1882 1640 1945 confecit
1670 1893 1707 1945 et
1737 1884 1831 1945 edidit
1851 1884 1884 1944 in-

1098 2004 1283 2084 scriptum:

1185 2129 1242 2184 Die
1258 2128 1375 2184 Cirsien
1391 2128 1504 2183 Tirols.
1526 2125 1556 2206 (i.
1574 2147 1600 2184 e.
1619 2129 1717 2185 Cirsia
1733 2126 1883 2203 Tiroleusia.)

1098 2232 1140 2289 8⁰.
1158 2231 1336 2299 Innsbruck,
1353 2231 1402 2287 bei
1419 2231 1565 2305 Wagner.
1587 2231 1678 2306 1875.
1701 2248 1756 2306 119
1772 2251 1799 2308 p.

1184 2360 1346 2454 Troger
1367 2371 1610 2434 Meinradus
1632 2372 1827 2454 (princeps
1842 2373 1885 2432 ab·

1096 2489 1172 2549 bas
1189 2486 1554 2570 San-Blasianus).
1576 2489 1692 2552 Natus
1714 2503 1766 2554 est
1785 2500 1885 2572 specta·

1097 2610 1159 2671 bili
1173 2610 1410 2691 Trogerorum
1423 2611 1593 2691 prosapia
1606 2613 1664 2675 die
1678 2618 1728 2675 31.
1739 2614 1821 2696 Aug.
1832 2615 1885 2690 rep

1097 2731 1348 2794 Rhenofeldae
1375 2732 1409 2793 in
1438 2754 1567 2815 magno
1595 2736 1727 2797 ducatu
1754 2732 1885 2802 Badensi;

1097 2854 1306 2916 monachum
1323 2854 1529 2916 Blasianum
1551 2855 1667 2917 induit
1692 2876 1783 2936 1717;
1805 2873 1886 2917 sacer-

1097 2977 1161 3037 dos
1173 2984 1314 3037 creatus
1327 2984 1381 3037 est
1395 2995 1485 3053 1722.
1502 2975 1543 3037 In
1559 2976 1654 3039 univ.
1664 2973 1887 3058 Salisburgensi

1097 3097 1240 3177 optimis
1252 3097 1379 3159 litteris
1394 3097 1558 3178 imbutus,
1571 3097 1704 3160 ibidem
1713 3109 1828 3179 postea
1837 3095 1887 3177 phi-

1096 3219 1293 3300 losophiam
1316 3219 1473 3299 tradidit,
1497 3220 1604 3282 editis
1628 3221 1763 3302 aliquot
1786 3216 1887 3300 stagiri-

1096 3341 1208 3403 sticae
1225 3341 1397 3403 scientiae
1419 3342 1675 3422 speciminibus
1699 3364 1775 3405 curn
1796 3343 1886 3423 plausu

1097 3463 1271 3543 exceptis.
1309 3464 1349 3525 In
1382 3463 1597 3527 monasterio
1629 3457 1884 3547 Gengenbacensi

1098 3584 1204 3646 etiarn
1218 3584 1463 3664 philosophiae
1476 3585 1658 3665 professor
1672 3596 1756 3648 erat.
1774 3587 1883 3647 Domum

1096 3707 1210 3768 redux
1223 3714 1300 3767 erat
1313 3706 1455 3766 abbatis
1468 3706 1650 3768 Francisci
1664 3707 1850 3781 sacellarius,
1861 3715 1882 3759 tt

1096 3827 1270 3890 rationum
1291 3847 1356 3907 per
1377 3847 1488 3889 annos
1512 3829 1632 3909 plures
1649 3828 1790 3890 revisor.
1811 3826 1882 3887 Prae·

1096 3949 1233 4030 positus
1258 3961 1385 4029 postea
1410 3947 1697 4030 Clingnoviensis
1725 3959 1881 4035 perennes

1095 4082 1178 4150 1113,
1196 4080 1232 4132 11
1247 4070 1344 4152 prior
1360 4091 1386 4131 3.
1406 4070 1528 4151 Blasii,
1550 4072 1697 4152 primus
1720 4072 1775 4152 qui
1793 4080 1881 4131 nornen

1096 4192 1221 4253 decani
1234 4190 1417 4271 adsumsit,
1430 4210 1495 4270 pro
1509 4211 1605 4252 more
1622 4192 1658 4253 in
1671 4186 1882 4272 principalibus

1095 4313 1318 4375 monasteriis
1342 4312 1474 4373 ordinis
1502 4332 1528 4373 s.
1554 4313 1741 4375 Benedicti
1768 4312 1882 4374 inducto.

1095 4434 1162 4496 etsi
1178 4435 1279 4495 iuxta
1294 4434 1455 4514 regulam
1479 4433 1575 4494 aliud
1596 4443 1693 4496 esset
1714 4437 1883 4496 decanorum

1096 4555 1260 4637 officium,
1278 4555 1424 4617 inferius
1441 4555 1501 4617 illo
1518 4557 1674 4636 priorum
1692 4567 1727 4618 et
1743 4547 1885 4638 praeposi·

1095 4688 1218 4740 torum.
1245 4679 1277 4739 A
1295 4677 1497 4740 Coelestino
1518 4687 1745 4740 antecessore
1768 4679 1836 4738 loco
1853 4668 1887 4731 sui

1095 4798 1192 4879 prior
1222 4799 1257 4860 in
1285 4798 1475 4862 Oberriedt
1508 4800 1736 4881 constitutus,
1767 4788 1890 4860 defuncti

1095 4921 1201 4982 etiam
1217 4921 1333 4982 locum
1351 4921 1550 5001 occupavit,
1572 4922 1686 4982 abbas
1711 4921 1836 4982 electus
1853 4912 1892 4974 die

1097 5046 1146 5103 28.
1163 5041 1251 5122 Apr.
1269 5062 1362 5103 anno
1383 5062 1473 5122 1749,
1495 5043 1625 5105 aetatis
1642 5063 1728 5105 suae
1746 5039 1822 5105 535⁰.
1844 5037 1895 5116 Op·

1096 5162 1171 5224 timi
1195 5164 1378 5226 oeconomi
1399 5175 1521 5244 partes
1547 5165 1719 5246 implevit,
1745 5158 1898 5244 dispositis

1098 5293 1133 5346 et
1150 5286 1304 5365 mutatis,
1327 5306 1418 5366 quae
1440 5288 1486 5348 ad
1502 5287 1759 5349 incrementum
1776 5302 1900 5367 proven·

1095 5415 1193 5468 tuum
1216 5408 1413 5468 conducere
1435 5406 1659 5470 videbantur.
1685 5407 1854 5470 Aedificia
1867 5405 1904 5466 in·
