4252 6112
927 468 1210 540 ..152-

201 655 397 740 magisterii
420 655 652 739 gymnasialis
675 656 759 739 egit,
783 656 896 718 donec
920 655 977 717 die
999 659 1028 718 8.
1072 644 1075 649 ’

201 779 286 841 Μο11
314 783 393 858 1878
418 778 598 860 professor
624 777 801 861 gymnasii
829 777 1029 840 declaratus

202 912 265 982 est,
283 921 303 962 a
320 920 389 981 quo
405 910 566 982 tempore
582 900 618 962 in
633 900 820 983 gymnasio
832 897 1029 962 Mellicensi

200 1021 420 1085 iuventutem
446 1022 628 1086 historiam
658 1023 893 1086 universalem
923 1021 1028 1084 docet

201 1162 243 1205 ac
259 1142 432 1224 praefecti
449 1143 483 1206 in
500 1145 665 1207 convictu
681 1143 938 1224 archivariique
954 1162 1028 1205 mu-

201 1285 266 1327 nus
282 1265 366 1328 obit.
392 1263 555 1348 Scripsit:

287 1409 396 1465 Kaiser
412 1408 547 1466 Gratian.
572 1405 602 1487 (i.
624 1428 650 1467 e.
675 1410 721 1466 De
743 1412 925 1485 imperatore
949 1409 1028 1466 Gra-

201 1514 291 1578 tiano,
308 1512 477 1587 disquisitio
495 1510 659 1592 historica.)
676 1515 719 1570 lm
733 1513 960 1589 Jahresbericht
975 1513 1028 1570 des

201 1617 229 1672 k.
247 1617 276 1672 k.
294 1615 507 1691 Gymnasiums
524 1637 559 1673 zu
575 1617 656 1673 Melk
677 1616 767 1691 1879.
792 1619 835 1675 Im
856 1616 1028 1675 Selbstver·

199 1721 267 1795 lage
283 1720 337 1777 des
353 1719 576 1796 Gymnasiums.
593 1721 692 1789 Wien,
710 1721 814 1778 Druck
826 1740 886 1778 von
899 1722 1027 1797 Ludwig

199 1826 313 1901 Mayer.
332 1825 375 1882 8⁰.

280 1989 1025 2088 GumppIgnatius(San-Blasianus),

197 2128 300 2181 natus
322 2119 427 2181 estin
443 2119 648 2203 Briilingen.
673 2119 807 2185 Studiis
828 2120 1026 2206 Salisburgi

197 2241 378 2324 absolutis,
394 2241 429 2303 in
446 2241 529 2305 divo
541 2243 662 2306 Blasio
678 2244 814 2307 litteras
829 2245 1026 2310 humanita-

196 2362 242 2425 tis
270 2373 306 2425 et
333 2364 549 2446 theologiam
573 2385 638 2447 pro
660 2366 803 2449 ingenio
829 2366 922 2430 illius
945 2369 1025 2431 aevi

197 2485 358 2547 docebat.
384 2484 592 2549 Sacellanus
611 2488 895 2551 reverendissimi
916 2491 1025 2552 abba·

196 2606 241 2668 tis
258 2606 369 2668 Blasii
385 2606 446 2671 ΙΙΙ.
464 2627 543 2669 cum
560 2628 602 2671 eo
614 2608 790 2672 Viennam
807 2610 927 2673 etalio
943 2630 1024 2692 pro·

195 2727 310 2791 fectus
323 2738 388 2794 est.
404 2729 654 2793 Ratiocinator
666 2731 747 2793 dein
761 2741 797 2793 et
809 2750 1023 2795 oeconomus

196 2850 231 2913 in
247 2871 274 2914 s.
288 2851 418 2933 Blasio,
435 2871 477 2914 ac
494 2853 720 2935 praepositus
736 2853 772 2916 in
785 2853 912 2935 Berau,
929 2875 1023 2918 amo·

195 2992 268 3035 rem
299 2992 341 3035 ac
372 2974 655 3037 aestimationem
687 2973 901 3038 confratrum
932 2979 1022 3040 adeo

194 3095 262 3158 sibi
287 3096 496 3167 conciliavit,
524 3106 563 3159 ut
589 3097 685 3178 prior
714 3108 911 3161 conventus
934 3096 1023 3163 San·
1061 3142 1064 3157 .

1061 3208 1064 3223 ¹
1102 3208 1136 3246 sa
1152 3189 1344 3265 privilegiata
1360 3187 1481 3246 abbatis
1498 3208 1521 3245 s.
1539 3188 1630 3244 Blasii
1652 3201 1742 3261 1753.
1767 3187 1864 3245 Unum
1881 3207 1936 3244 vo·

195 3216 351 3278 Blasiani
377 3227 620 3300 expeteretur,
646 3221 740 3300 quod
765 3219 918 3283 officium
944 3241 1022 3284 cum

113 3411 117 3415 ¹
194 3340 295 3402 annis
319 3340 474 3422 quinque
498 3342 688 3422 tenuisset,
717 3343 1021 3424 exspectationem
1061 3346 1064 3377 ³

194 3463 335 3524 abbatis
351 3472 387 3525 et
404 3462 619 3525 confratrum
635 3465 730 3526 haud
748 3465 834 3527 satis
850 3465 1020 3547 implevit.

193 3584 280 3646 Inde
304 3584 548 3648 Todtmosium
572 3590 783 3651 amandatus
811 3608 889 3651 cum
917 3590 1020 3653 titulo

193 3707 384 3787 superioris
401 3709 558 3771 eiusdem
574 3710 652 3792 loci,
670 3730 774 3792 quem
787 3714 899 3774 abbas
913 3712 1021 3775 Fran-

193 3829 307 3890 ciscus
323 3829 358 3892 in
374 3831 489 3893 locum
506 3833 705 3914 regularem
722 3835 875 3906 evehere
891 3853 1021 3915 propo·

193 3964 322 4033 suerat,
348 3952 439 4014 inter
461 3953 580 4015 varias
603 3954 866 4017 vicissitudines
887 3956 1020 4019 cultum

192 4073 480 4156 Thaumaturgae
495 4094 705 4156 promovere
718 4078 907 4140 admodum
923 4079 1020 4141 labo-

192 4195 293 4276 ravit,
311 4198 520 4278 praesertim
538 4200 581 4260 de
598 4200 735 4261 aerario
756 4200 848 4262 illius
868 4220 1021 4282 pauper·

191 4319 300 4379 rimae
318 4318 489 4380 ecclesiae
506 4323 665 4399 parando
687 4322 858 4403 cogitans,
883 4321 1021 4384 Decen-

192 4441 250 4502 nio
271 4440 410 4521 integro
432 4440 479 4501 ibi
501 4461 610 4523 aegre
631 4452 770 4525 exact0,
795 4444 1021 4526 praepositus

192 4564 227 4625 in
248 4562 421 4645 Biirglen,
446 4583 487 4625 ac
512 4564 623 4627 altera
646 4565 725 4627 vice
749 4566 784 4627 in
806 4566 937 4648 Berau,
961 4568 1020 4628 de-

191 4706 284 4748 mum
301 4685 336 4747 in
354 4682 549 4747 Gurtweihl
565 4684 640 4768 fuit,
663 4686 723 4748 ubi
739 4696 882 4767 praeter
900 4708 1019 4751 curam

190 4809 240 4871 rei
256 4808 449 4890 familiaris,
467 4819 603 4871 amator
614 4809 781 4872 historiae
795 4811 1018 4894 domesticae,

190 4933 224 4994 in
241 4952 284 4994 ea
297 4931 508 4994 elucidanda
521 4931 665 4994 multam
678 4932 852 5014 impendit
863 4952 1018 5015 operam,

190 5066 226 5117 et
242 5055 368 5136 omnia,
386 5073 478 5136 quae
495 5056 539 5116 de
551 5054 707 5135 prioratu
724 5064 760 5117 et
771 5057 1019 5137 praepositura

190 5177 225 5240 in
245 5178 413 5260 Biirglen,
433 5179 589 5258 itemque
612 5178 656 5238 de
677 5179 890 5241 monasterio
911 5178 1018 5261 virgi·

190 5319 272 5360 num
289 5310 324 5362 et
339 5299 588 5381 praepositura
604 5297 639 5360 in
656 5298 773 5361 Berau
797 5319 842 5361 ex
863 5299 1017 5381 antiquis

190 5421 332 5502 scriptis
355 5435 550 5504 repererat,
575 5423 826 5505 comportavit,
852 5432 887 5485 et
911 5432 1018 5504 prout

1108 672 1151 716 ea
1163 653 1198 716 in
1210 653 1412 716 memoriam
1426 663 1462 716 et
1475 654 1647 716 calamum
1660 663 1843 736 venerant,
1857 673 1940 717 con-

1108 775 1259 857 scripsit,
1276 777 1321 837 de
1335 775 1424 858 stilo,
1444 795 1560 838 rerum
1576 776 1667 838 serie
1685 785 1721 839 et
1739 775 1939 840 subtilitate

1108 916 1233 977 parum
1253 898 1437 978 sollicitus,
1461 899 1659 961 laudandus
1683 908 1817 981 tamen,
1842 899 1938 980 quod

1107 1021 1229 1083 labore
1246 1039 1310 1082 suo
1323 1021 1588 1083 successoribus
1605 1022 1776 1103 prodesse
1792 1023 1939 1084 studue-

1107 1143 1162 1205 rit.
1194 1141 1412 1206 Gurtwihlae
1435 1143 1563 1206 iterato
1587 1143 1780 1226 apoplexia
1808 1154 1938 1226 tactus,

1108 1284 1187 1326 cum
1203 1265 1250 1327 ad
1265 1266 1425 1347 gerenda
1441 1264 1547 1328 officii
1564 1265 1618 1328 sui
1635 1266 1780 1349 negotia
1801 1266 1938 1329 inhabi-

1106 1387 1175 1449 lem
1191 1406 1229 1449 se
1246 1397 1415 1467 cerneret,
1437 1389 1528 1451 ultro
1550 1389 1596 1450 ad
1616 1387 1841 1452 infirmariam
1858 1389 1894 1451 in
1910 1409 1936 1453 s.

1107 1508 1228 1572 Blasio
1244 1510 1424 1592 deportari
1441 1510 1555 1592 petiit,
1571 1510 1691 1592 ibique
1703 1511 1762 1592 pie
1775 1511 1865 1574 obiit
1881 1511 1939 1574 die

1111 1653 1158 1695 11.
1175 1632 1262 1712 Apr.
1284 1636 1374 1713 1703,
1392 1651 1484 1694 anno
1501 1631 1629 1695 aetatis
1648 1629 1727 1710 ,pia

1194 1770 1398 1853 Sequuntur
1433 1771 1508 1833 eius
1544 1772 1786 1854 manuscripta
1822 1775 1937 1836 adhuc

1106 1893 1262 1956 residua:

1194 2038 1216 2093 Ι.
1233 2037 1446 2095 Sonam-Aus-
1463 2038 1521 2094 und
1538 2038 1740 2114 Niedergang‚
1761 2039 1837 2096 oder
1854 2052 1939 2096 ortus

1107 2156 1137 2199 et
1157 2160 1286 2200 occasus
1306 2162 1366 2199 von
1387 2162 1410 2200 s.
1428 2144 1560 2209 Blasien‚
1585 2146 1636 2200 mit
1656 2143 1734 2200 allen
1754 2146 1860 2201 seinen
1878 2143 1938 2200 Ge·

1105 2246 1203 2304 baluen
1232 2247 1321 2320 1750.
1354 2249 1450 2305 Unum
1473 2249 1612 2305 volumen
1636 2251 1664 2304 in
1689 2248 1775 2315 solio,
1802 2249 1939 2306 continet

1105 2355 1232 2427 paginas
1249 2350 1303 2419 61;
1325 2352 1503 2409 adservatur
1527 2355 1555 2408 in
1580 2353 1704 2436 archivo
1726 2351 1938 2409 San-Paulano

1105 2458 1160 2513 No.
1179 2471 1251 2529 204.

1191 2560 1228 2619 ΙΙ.
1246 2559 1351 2618 Abbas
1364 2581 1388 2618 s.
1402 2562 1491 2618 Blasii
1505 2562 1713 2638 privilegiatus
1730 2560 1821 2635 1756.
1840 2563 1937 2620 Unum

1103 2664 1244 2721 volumen
1260 2668 1290 2720 in
1306 2665 1388 2732 soli0,
1410 2669 1545 2722 continet
1561 2669 1687 2742 paginas
1704 2680 1775 2735 202,
1792 2667 1939 2723 adserva·

1104 2768 1152 2829 tur
1168 2773 1196 2826 in
1212 2771 1336 2827 archivo
1352 2769 1564 2826 San-Fauiano
1581 2771 1637 2827 No.
1656 2786 1728 2843 205,
1753 2783 1783 2826 et
1800 2774 1937 2828 contine-

1103 2890 1151 2933 tur
1174 2878 1262 2931 etiam
1287 2877 1316 2931 iu
1337 2873 1478 2931 Stanislai
1496 2874 1639 2931 Wiilberz
1661 2876 1869 2931 analectorum
1891 2889 1936 2932 to·

1103 3000 1151 3037 mo
1168 2981 1218 3038 Vl.

1190 3084 1242 3140 ΙΙΙ.
1252 3083 1470 3160 Compendium
1483 3084 1637 3140 discursus
1651 3085 1787 3140 canonici
1802 3083 1841 3140 de
1855 3103 1937 3140 men·

1102 3296 1199 3350 lumen
1217 3296 1245 3350 in
1262 3300 1305 3366 4⁰,
1323 3295 1456 3350 continet
1472 3295 1599 3369 paginas
1620 3291 1689 3358 180,
1711 3292 1891 3350 adservatur
1907 3296 1935 3350 in

1101 3399 1225 3455 archivo
1242 3397 1453 3455 San-Paulano
1470 3399 1525 3454 No.
1545 3396 1616 3463 260,
1639 3412 1670 3454 et
1690 3399 1780 3454 etiam
1798 3401 1934 3455 contine·

1102 3518 1149 3560 tur
1165 3506 1194 3558 in
1210 3501 1352 3558 Stanislai
1369 3500 1513 3558 Wiilberz
1529 3503 1734 3558 analectorum
1752 3516 1835 3559 tomo
1853 3504 1905 3560 VI.

1188 3626 1238 3682 IV.
1267 3627 1325 3682 Pro
1350 3627 1503 3689 memoria,
1532 3624 1579 3680 die
1606 3625 1702 3681 uralte
1730 3644 1754 3682 s.
1779 3625 1931 3683 Blasische

1101 3730 1240 3787 Probstei
1257 3730 1435 3804 Biirglische
1452 3730 1606 3785 historiam
1623 3729 1725 3786 klarer
1746 3730 1805 3785 und
1828 3729 1933 3788 besser

1101 3836 1177 3892 nach
1202 3836 1255 3891 der
1276 3834 1413 3910 Jahrzahl
1438 3853 1473 3889 zu
1497 3833 1670 3889 verstehen.
1700 3834 1880 3892 Continetur
1901 3838 1930 3892 in

1101 3939 1242 3997 Stanislai
1259 3937 1402 3996 Wiilberz
1419 3939 1623 3994 analectorum
1641 3951 1722 3994 tomo
1740 3939 1790 3996 VI.
1808 3959 1839 4016 p.
1856 3954 1929 4013 390.

1187 4064 1223 4119 V.
1241 4064 1300 4118 Pro
1316 4064 1469 4118 memoria.
1487 4061 1555 4117 Von
1569 4059 1623 4116 der
1636 4061 1768 4117 Kirchen
1784 4080 1820 4117 zu
1838 4062 1931 4136 Biirg-

1101 4168 1157 4224 len,
1183 4165 1257 4223 Ibid.
1275 4180 1305 4222 ut
1322 4184 1415 4241 supra
1431 4184 1460 4240 p.
1478 4164 1551 4238 396.

1188 4312 1514 4407 Guppenberger
1542 4323 1798 4389 Erenbertus
1829 4325 1930 4408 (Cre-

1100 4441 1366 4522 miianensis),
1389 4444 1435 4504 ad
1452 4462 1478 4506 S.
1495 4442 1631 4505 Mariae
1653 4445 1688 4506 in
1705 4445 1854 4507 Austria
1875 4465 1931 4508 su·

1100 4565 1239 4647 periore
1264 4563 1320 4625 die
1349 4585 1374 4628 1.
1401 4563 1505 4627 Febr.
1534 4569 1614 4628 1836
1638 4576 1743 4629 natus
1766 4567 1931 4649 frequen-

1100 4698 1175 4752 tato
1203 4706 1267 4769 per
1294 4696 1374 4749 octo
1402 4706 1514 4749 annos
1544 4688 1733 4770 gymnasio
1762 4688 1930 4753 Cremifa-

1099 4810 1198 4874 nensi
1211 4810 1246 4871 in
1259 4810 1419 4870 alumnos
1432 4808 1609 4871 seminarii
1622 4810 1838 4891 episcopalis
1848 4811 1930 4875 Lin-

1100 4933 1227 4996 ciensis
1255 4950 1347 4993 anno
1380 4934 1461 5009 1854
1494 4941 1681 5013 cooptatus
1709 4933 1817 5014 paulo
1848 4947 1930 5016 post

1099 5053 1334 5118 Cremifanum
1352 5053 1456 5115 rediit
1476 5062 1512 5116 et
1533 5053 1590 5115 die
1611 5076 1640 5132 4.
1658 5054 1748 5118 Nov.
1769 5055 1928 5119 eiusdem

1098 5178 1179 5240 anni
1217 5177 1415 5239 tirocinium
1458 5175 1654 5249 inchoavit;
1694 5178 1928 5257 quadriennio

1098 5300 1298 5382 theologico
1322 5300 1356 5362 in
1381 5298 1539 5362 Canonia
1562 5320 1589 5360 s.
1614 5298 1769 5362 Floriani
1798 5301 1929 5363 eximia

1097 5442 1176 5485 cum
1199 5423 1303 5484 laude
1325 5422 1488 5484 absoluto
1513 5430 1548 5483 et
1573 5422 1629 5484 die
1655 5443 1705 5501 29·
1722 5422 1817 5504 Aug.
1847 5426 1931 5486 1858
