4252 6112
920 436 1202 521 ..264-

189 641 248 704 nio
264 638 481 723 Argoviensi
497 638 672 700 violenter
688 637 809 700 clausa
831 648 896 701 est.
920 637 1020 700 Tunc

190 765 339 825 absente
356 762 488 824 abbate
505 760 541 822 in
557 759 711 842 negotiis
728 759 896 842 gerendis
917 777 1019 821 oeco-

190 904 294 949 nomo
309 884 458 947 adstitit.
481 883 571 946 Post
593 882 838 963 expulsionem
859 900 878 943 e
900 900 1020 943 mona·

190 1008 299 1071 sterio
310 1007 409 1070 venit
425 1009 470 1068 ad
483 1005 673 1087 collegium
686 1003 864 1069 Samense
877 1003 1019 1067 iterum-

191 1150 260 1213 que
276 1130 312 1192 in
328 1129 459 1192 scholis
476 1131 604 1191 docere
621 1126 765 1209 incepit.
789 1127 860 1189 Ast
871 1146 942 1189 non
958 1125 1019 1189 diu

191 1253 301 1323 rexit:
330 1272 434 1315 casus
461 1250 682 1314 tristissimus
709 1249 831 1311 dilecti
857 1248 1019 1312 coenobii

191 1374 259 1457 ipsi
272 1387 344 1437 tam
357 1376 463 1437 corde
477 1383 563 1454 erat,
577 1382 616 1435 ut
624 1391 709 1434 vere
721 1372 843 1434 dolore
856 1371 1020 1453 diruptus

1186 633 1435 708 Kummerer
1459 647 1677 728 Rupertus
1705 645 1936 727 (San-Pau-

1099 761 1242 844 lanus).
1265 762 1379 826 Natus
1396 776 1451 826 est
1466 765 1502 826 in
1515 765 1637 827 Bruck
1651 765 1686 827 in
1699 765 1862 828 Bavaria
1876 764 1934 828 die

1100 888 1131 948 ὁ.
1155 884 1275 947 Martii
1304 888 1398 957 1835;
1423 904 1449 949 s.
1473 886 1597 949 habitu
1623 887 1769 949 indutus
1795 886 1858 948 die
1883 908 1933 965 24.

1058 1076 1061 1097 Ι
1099 1006 1194 1089 Aug.
1212 1010 1291 1086 1857
1306 1007 1523 1071 sollemniter
1534 1007 1716 1090 professus
1728 1009 1788 1071 die
1806 1008 1932 1091 1.Apr.

1103 1133 1198 1200 18623
1219 1131 1387 1192 sacerdos
1403 1131 1586 1194 ordinatus
1607 1131 1666 1194 die
1682 1137 1734 1195 31.
1753 1131 1819 1195 Iul.
1841 1136 1932 1196 1862.

1100 1248 1226 1314 Studio
1251 1252 1456 1335 theologiae
1483 1254 1518 1316 in
1545 1254 1741 1337 episcopali
1766 1255 1932 1318 instituto

1100 1370 1385 1456 Clagenfurtensi
1410 1376 1563 1438 vacabat
1589 1395 1702 1457 usque
1727 1377 1776 1437 ad
1799 1394 1932 1439 annum
1978 1354 1983 1369 ¹

191 1496 262 1560 dici
278 1496 402 1577 possit.
433 1496 598 1559 Piissime
613 1495 701 1559 obiit
717 1497 774 1557 die
791 1500 821 1557 3.
838 1495 911 1557 Ian.
929 1497 1019 1571 1843.
1058 1502 1062 1563 l
1105 1498 1195 1576 1862,
1212 1515 1306 1558 anno
1322 1497 1484 1577 sequenti
1500 1497 1536 1559 in
1552 1498 1767 1561 monasterio
1783 1516 1813 1560 s.
1830 1497 1933 1562 Pauli

279 1619 444 1700 Scripsit:

278 1748 300 1803 Ι.
319 1747 453 1802 Diarium
474 1745 653 1818 1836-38,
670 1747 699 1801 in
714 1745 780 1801 Fol.
798 1759 862 1817 400
878 1764 907 1821 p.

277 1853 314 1908 11.
339 1852 417 1908 ,1111
440 1851 576 1927 capituli,
601 1868 679 1925 quae
699 1868 756 1925 pro
778 1849 904 1905 historia
920 1868 1022 1906 mona·
1059 1892 1063 1909 .

191 1958 273 2013 sterii
285 1957 371 2013 simul
383 1976 449 2013 cum
459 1956 554 2012 diario
564 1957 662 2029 magni
676 1967 745 2011 sunt
754 1956 852 2029 pretii.
866 1954 899 2009 ln
907 1954 1019 2010 archiv.
1059 1970 1062 2015 1

191 2060 397 2118 Mum-Gries.
414 2059 451 2116 A.
469 2061 491 2116 I.
509 2061 561 2116 111.

277 2188 402 2261 Kuhn
418 2198 598 2260 Ioannes
614 2197 681 2260 Ev.
701 2197 943 2279 (Murensis),
960 2219 1020 2261 na-

191 2328 248 2379 tus
264 2316 570 2379 Waltenschvilae
587 2316 622 2378 in
638 2315 808 2397 Argoxia,
830 2315 1021 2395 professio·

191 2458 270 2500 nem
287 2438 519 2500 monasticam
537 2439 653 2502 emisit
674 2437 731 2499 die
754 2458 803 2517 27.
820 2441 906 2502 Dec.
929 2445 1019 2521 1820,

190 2570 227 2623 et
249 2561 416 2622 sacerdos
438 2560 671 2643 inauguratus
693 2569 748 2623 est
772 2561 829 2623 die
851 2583 901 2640 24.
924 2563 1018 2645 Aug.

195 2686 285 2745 1825.
299 2683 497 2765 Perplures
506 2704 618 2747 annos
628 2686 748 2747 docuit
760 2684 795 2746 in
805 2684 933 2747 scholis
943 2684 1020 2746 Mu·

191 2805 353 2867 rensibus
362 2818 397 2868 et
406 2806 441 2868 in
451 2805 788 2890 collegioSamensi.
799 2806 881 2872 Obii

1058 1568 1062 1705 1
1100 1618 1146 1678 111
1169 1637 1295 1679 munus
1320 1619 1470 1682 docendi
1493 1621 1673 1701 publicum
1696 1621 1869 1702 privatim
1893 1640 1932 1684 se

1100 1741 1265 1821 parabat,
1292 1742 1339 1802 ab
1362 1760 1456 1804 anno
1484 1746 1562 1804 1863
1589 1761 1702 1823 usque
1728 1744 1777 1804 ad
1801 1762 1931 1806 annum

1105 1864 1184 1924 1866
1202 1861 1237 1925 in
1253 1862 1347 1925 univ.
1364 1862 1518 1927 Vindob.
1535 1864 1751 1947 philologiae
1767 1862 1931 1929 Graecae

1101 1995 1137 2045 et
1157 1983 1306 2047 Latinae
1327 2004 1471 2066 operam
1492 1986 1591 2048 dedit
1611 1998 1684 2048 tam
1703 1986 1878 2051 eminenti
1898 1998 1933 2051 et

1101 2106 1206 2169 celeri
1215 2125 1418 2188 progressu,
1429 2120 1468 2170 ut
1480 2107 1571 2170 inter
1580 2108 1740 2170 alumnos
1752 2110 1932 2172 seminarii

1058 2186 1062 2315 (
1099 2228 1307 2310 philologici
1333 2241 1522 2311 susceptus
1548 2229 1664 2293 fuerit.
1695 2230 1736 2293 In
1765 2232 1932 2295 examine

1100 2350 1295 2413 eminenter
1316 2334 1535 2432 approbatus
1559 2352 1740 2433 professor
1761 2352 1799 2415 in
1825 2355 1932 2417 variis

1100 2472 1296 2555 gymnasiis
1313 2474 1479 2546 docebat;
1500 2493 1613 2555 usque
1633 2476 1679 2536 ad
1695 2494 1830 2538 annum
1852 2480 1929 2556 1867

1058 2610 1061 2689 j
1099 2594 1134 2656 in
1150 2595 1337 2677 gymnasio
1350 2591 1610 2677 San-PaulanO,
1628 2597 1710 2658 dein
1726 2597 1762 2660 in
1778 2619 1930 2681 gymna-

1057 2698 1061 2835 (
1100 2716 1161 2778 siis
1184 2716 1480 2799 Clagenfurtensi,
1504 2718 1726 2783 Pettoviensi
1749 2721 1786 2783 in
1812 2719 1931 2803 Stiria,

883 2805 1020 2870 tsffleffi
1058 2882 1061 2927 Ι
1100 2838 1276 2902 Linciensi
1292 2839 1327 2901 in
1344 2841 1499 2920 Austria,
1517 2841 1693 2904 Brunensi
1713 2843 1750 2905 in
1766 2843 1931 2906 Moram'a

190 2926 248 2988 die
275 2948 324 3005 ²9·
348 2926 451 2990 Mart·
478 2932 569 2992 ¹85⁵·
600 2929 744 2993 Archiv·
768 2927 1019 2994 Mum'Gsies'
1058 2932 1062 3023 1
1100 2962 1237 3024 litteras
1254 2960 1411 3025 Graecas
1433 2975 1468 3025 et
1484 2963 1630 3026 Latinas
1650 2965 1874 3046 explanabat
1896 2977 1931 3029 et

190 3060 380 3112 conservat
397 3050 489 3113 eius:

277 3176 379 3232 Diaria
399 3195 417 3232 a
438 3180 656 3254 suppressione
677 3181 848 3235 monasterii
871 3179 1019 3235 Murensis

194 3278 269 3352 1841
292 3300 387 3356 usque
408 3279 498 3354 1845,
515 3300 593 3357 quae
614 3281 852 3339 conscribendae
874 3283 1019 3339 historiae

190 3384 267 3440 illius
285 3388 430 3461 temporis
447 3388 620 3443 inserviunt.
639 3386 680 3443 8⁰.
703 3401 760 3443 102
780 3406 810 3462 p.

278 3532 444 3605 Kumbli
469 3544 748 3627 Hieronymus
773 3545 1020 3627 (Murensis),

191 3670 295 3723 natus
312 3661 476 3726 Solodori
492 3663 528 3725 in
540 3663 708 3727 Helvetia
720 3664 777 3727 die
794 3686 819 3726 1.
830 3664 916 3726 Maii
929 3668 1020 3743 1732,

191 3794 274 3847 vota
289 3786 458 3868 religiosa
474 3786 591 3849 emisit
613 3787 670 3848 die
693 3808 743 3850 21.
759 3786 832 3851 Ian.
854 3790 945 3866 1751,
966 3804 1020 3848 sa·
1058 3822 1061 3851 ι

191 3908 405 3970 cerdotalem
427 3909 585 3970 ordinem
608 3908 748 3990 accepit
771 3909 828 3971 die
851 3928 900 3972 21.
918 3907 1018 3991 Sept.

195 4033 285 4107 1755.
302 4029 342 4091 In
359 4030 517 4092 scientiis
529 4031 739 4112 theologicis
751 4032 843 4093 bene
855 4043 1018 4094 versatus

191 4170 255 4232 per
271 4152 390 4231 plures
407 4172 518 4214 annos
536 4153 682 4215 iuvenes
700 4154 875 4235 instruxit,
893 4166 1019 4235 postea

191 4293 317 4336 munus
334 4275 516 4337 oeconomi
530 4275 563 4337 in
577 4276 790 4339 monasterio
807 4276 839 4338 ei
852 4277 1018 4338 collatum
1076 4348 1079 4355 ¹

191 4407 255 4459 est.
288 4394 422 4458 Claruit
449 4417 583 4459 morum
613 4397 818 4479 integritate
842 4399 1017 4481 modoque

191 4519 333 4581 vivendi
358 4519 521 4582 ascetic0.
554 4519 609 4581 Ex
635 4521 701 4582 hac
729 4520 803 4583 vita
830 4520 1018 4603 emigravit

192 4642 249 4705 die
274 4647 324 4706 23.
346 4640 446 4724 Sept.
475 4647 564 4721 1795.
596 4642 712 4705 Unum
736 4661 826 4724 opus
849 4643 1018 4724 scriptum

191 4776 369 4848 superest:

276 4891 519 4967 Betrachtungen
537 4890 610 4948 iiber
625 4891 671 4948 die
684 4893 898 4949 vornehmsten
911 4893 1018 4949 l'llich·

191 5011 240 5054 ten
264 4997 318 5054 des
340 4997 586 5055 Klosterstandes
610 5010 716 5055 sammt
741 4999 824 5054 einer
844 4997 1019 5072 Erkldrung

190 5101 243 5158 des
256 5103 541 5178 Kirchengesanges
558 5122 626 5159 vom
644 5103 711 5159 heil.
725 5102 841 5170 Geiste‚
859 5102 935 5158 nach
951 5100 1017 5158 dem

191 5206 295 5262 Franz.
314 5207 368 5263 des
384 5208 416 5264 P.
433 5207 538 5273 Morel,
555 5208 668 5282 Congr.
685 5227 709 5264 s.
727 5208 832 5263 Mauri.
850 5201 879 5283 (i.
894 5226 920 5263 1.
938 5206 1019 5263 Con·

1100 3083 1270 3164 explanat
1291 3104 1334 3146 ea
1354 3084 1505 3165 ratione,
1530 3105 1621 3166 quae
1644 3097 1720 3148 tum
1741 3087 1932 3170 iuvenibus

1100 3206 1269 3268 studiosis
1277 3217 1351 3268 tum
1360 3206 1626 3288 gymnasiorum
1637 3209 1857 3289 praepositis
1868 3211 1930 3274 ad·

1101 3331 1242 3392 modum
1258 3331 1439 3411 probatur.

1187 3478 1392 3558 Sequuntur
1404 3478 1479 3539 eius
1488 3479 1621 3559 scripta
1629 3478 1727 3560 typis
1736 3448 1929 3563 impressa:

1188 3632 1208 3686 l.
1228 3628 1327 3687 Ueber
1343 3630 1400 3686 den
1413 3629 1575 3687 Gebrauch
1591 3630 1644 3686 des
1656 3632 1774 3688 Plurals
1791 3647 1866 3690 statt
1878 3634 1930 3690 des

1100 3734 1258 3811 Singulars
1273 3732 1323 3790 bei
1340 3733 1514 3810 Sophokles
1531 3735 1589 3790 und
1606 3735 1778 3811 Euripides.
1797 3736 1869 3815 (1.1.
1884 3738 1927 3794 De

1101 3860 1154 3897 usu
1178 3841 1300 3917 pluralis
1323 3840 1392 3896 loco
1416 3840 1576 3913 singularis
1597 3839 1761 3916 Sophoclis
1786 3857 1818 3899 et
1842 3843 1926 3899 Euri·

1100 3942 1199 4022 pidis.)
1217 3945 1391 4018 Programm
1408 3944 1461 4000 des
1478 3945 1507 4000 k.
1524 3945 1553 4000 k.
1571 3944 1784 4020 Gymnasiums
1801 3967 1837 4002 zu
1855 3947 1923 4003 Kla-

1099 4049 1219 4124 gensurt
1247 4069 1293 4104 am
1321 4049 1465 4105 Schlusse
1496 4048 1549 4105 des
1576 4048 1805 4123 Studienjahres
1838 4048 1923 4124 1869,

1099 4174 1129 4231 p.
1158 4169 1277 4226 1—23;
1303 4154 1361 4209 und
1383 4172 1429 4209 am
1453 4151 1597 4210 Schlusse
1621 4153 1674 4210 des
1698 4152 1922 4231 Studienjahres

1103 4259 1193 4331 1870,
1211 4278 1240 4334 p.
1264 4273 1374 4314 1-21.
1393 4258 1435 4315 8⁰.

1186 4364 1221 4418 ll.
1248 4363 1348 4421 Ueber
1371 4363 1424 4419 das
1448 4361 1764 4420 Schuldbewusstscin
1793 4363 1848 4421 des
1870 4363 1923 4421 So·

1097 4467 1314 4544 phokleischen
1328 4467 1464 4543 Oedipus
1477 4467 1530 4523 aul
1541 4467 1688 4523 lx'olonos.
1706 4464 1735 4545 (1.
1750 4486 1776 4525 1.
1791 4469 1924 4545 Oedipus

1098 4575 1143 4629 sui
1160 4573 1259 4629 delicti
1276 4570 1438 4648 conscius.)
1462 4572 1635 4646 Programm
1659 4572 1712 4628 des
1734 4573 1788 4629 lll.
1808 4574 1924 4650 Jahres·

1098 4676 1249 4735 berichtes
1270 4677 1324 4733 des
1345 4677 1627 4733 steiermarkischen
1648 4676 1924 4752 Realgymnasiums

1099 4784 1128 4839 in
1145 4784 1261 4839 Pettau.
1284 4781 1374 4855 1872.
1392 4802 1421 4858 p.
1443 4797 1554 4855 1—24.
1580 4780 1622 4839 8⁰.
1649 4778 1859 4859 Selbstverlag
1874 4782 1925 4839 des

1099 4888 1390 4963 Realgymnasiums.
1408 4887 1566 4943 Gedruckt
1581 4889 1610 4943 in
1624 4885 1704 4943 Graz
1720 4885 1769 4944 bei
1782 4888 1925 4964 Leykam.

1187 4994 1237 5050 ill.
1258 4994 1330 5048 Zum
1347 4991 1528 5048 Gebrauche
1549 4991 1603 5048 des
1619 4992 1831 5066 griechischen
1846 4994 1927 5050 Con·

1096 5099 1220 5174 junctis,
1238 5096 1454 5154 insbesondere
1466 5097 1520 5153 des
1532 5096 1843 5171 conjunctiv-Aorist.
1861 5096 1926 5175 (1.1.

1099 5205 1145 5261 De
1170 5223 1224 5259 usu
1247 5204 1428 5259 coniunctivi
1450 5200 1561 5258 Graeci
1582 5197 1650 5279 etc.)
1676 5202 1854 5276 Programm
1875 5201 1928 5259 des

192 5308 388 5367 siderationes
403 5312 440 5368 de
456 5311 565 5369 officiis
581 5315 769 5387 superiorum
792 5307 954 5389 coenobii.)
975 5317 1017 5382 4⁰.
1099 5309 1128 5365 k.
1139 5311 1168 5365 k.
1179 5308 1488 5383 Scaatsgymnasiums
1497 5326 1532 5361 zu
1542 5307 1642 5362 Briinn
1650 5304 1698 5361 idr
1705 5307 1760 5364 das
1769 5306 1929 5384 Schuljahr

193 5429 254 5488 229
272 5433 310 5489 9.,
328 5419 356 5471 in
372 5414 443 5474 bibl.
461 5416 664 5474 Mum-Gries.
683 5416 759 5474 Cod.
782 5430 829 5472 10.
851 5414 919 5471 116.
1055 5406 1060 5439 ἶ
1103 5410 1930 5488 18711711-19.80.1)1111111ὀι11ἳ.11’111111111118111111.
