4222 6106
905 523 948 532 -
993 485 1109 548 CVIII
1152 523 1195 531 -

184 712 350 776 Criticam
382 714 427 774 ad
458 712 682 774 illustrandos
715 730 741 774 s.
771 711 915 791 Patres,
947 712 993 773 ad
1028 710 1250 773 discutienda
1281 713 1416 775 selecta
1446 712 1615 775 historiae
1649 711 1914 775 ecclesiasticae

67 914 71 923 ,
184 852 312 933 capita,
336 853 382 914 ad
406 852 560 913 eruenda
584 869 629 911 ex
653 849 860 930 pulveribus
889 862 925 912 et
953 850 1085 912 umbris
1108 859 1267 913 veterum
1299 852 1486 915 authorum
1517 861 1744 914 monumenta
1775 851 1913 932 aliaque

184 991 364 1072 eiusmodi,
383 991 418 1052 in
435 1009 525 1070 quae
543 987 807 1053 San-Mauriani
824 986 919 1052 Socii
942 998 1042 1051 tanto
1063 988 1237 1051 ecclesiae
1259 989 1442 1052 commodo
1465 998 1637 1070 tantoque
1661 1008 1741 1051 cum
1765 989 1915 1051 omniurn

184 1132 367 1193 doctorum
397 1128 574 1191 hominum
607 1128 783 1209 applausu
811 1127 1035 1201 incumbunt,
1067 1129 1209 1190 sodales
1241 1129 1296 1191 sui
1325 1128 1493 1190 maiorem
1521 1147 1663 1190 suarum
1688 1147 1852 1190 curarum
1875 1147 1915 1190 ac

184 1271 377 1332 studiorum
393 1279 530 1350 partem
548 1267 582 1328 in
598 1277 779 1349 posterum
796 1266 1004 1328 traducant“
1023 1267 1054 1346 ¹).
1093 1264 1197 1346 Quod
1220 1277 1259 1328 ut
1281 1265 1393 1348 fieret,
1416 1266 1544 1328 librum
1561 1266 1682 1348 edidit,
1709 1267 1769 1347 qui
1794 1265 1916 1328 Inscri-

183 1407 294 1469 bitur:
320 1405 563 1487 „Bibliotheca
587 1404 986 1466 Benedicto·Mauriana
1009 1424 1073 1468 seu
1097 1406 1141 1467 de
1164 1416 1253 1487 ortu,
1277 1405 1360 1468 vitis
1384 1414 1420 1468 et
1444 1405 1586 1488 scriptis
1602 1404 1914 1468 Benedictinorum

184 1567 203 1609 e
227 1545 455 1608 celeberrima
479 1543 757 1626 congregatione
781 1564 807 1605 s.
825 1543 939 1606 Mauri
962 1543 999 1606 in
1016 1542 1133 1606 Gallia
1155 1544 1236 1606 libri
1260 1545 1349 1606 duo“
1367 1546 1399 1626 2).
1438 1544 1516 1607 Hoc
1541 1565 1631 1628 opus
1647 1516 1914 1607 fundamentum

184 1705 262 1748 esse
278 1683 390 1746 voluit
407 1683 672 1765 „Bibliothecae
689 1682 976 1765 Benedictinae“,
1001 1702 1070 1764 quo
1094 1703 1217 1746 omnes
1233 1683 1386 1746 omnium
1402 1693 1576 1746 terrarum
1591 1693 1700 1765 atque
1717 1694 1915 1766 temporum

186 1825 376 1905 scriptores
404 1822 537 1885 ordinis
561 1822 832 1884 continerentur.
880 1821 1013 1884 Eodem
1046 1823 1193 1886 consilio
1229 1829 1309 1902 1769
1340 1823 1478 1885 litteras
1509 1823 1554 1885 ad
1584 1823 1802 1886 monasteria
1830 1820 1915 1886 Ger·

184 1963 334 2042 maniae,
359 1961 562 2040 Bohemiae,
587 1959 780 2040 Moraviae,
804 1960 1004 2041 Helvetiae,
1028 1957 1177 2042 Galliae,
1201 1962 1327 2024 Italiae
1351 1960 1459 2024 dedit.

314 2100 365 2162 At
387 2119 458 2162 non
486 2099 688 2181 reperiebat
719 2097 849 2178 socioS,
881 2118 971 2179 quos
999 2109 1216 2180 speraverat.
1262 2101 1460 2181 Propterea
1491 2121 1560 2162 una
1590 2120 1669 2162 cum
1699 2101 1916 2183 Hieronymo

187 2239 296 2302 fratre
319 2259 393 2320 sun,
418 2239 478 2320 qui
502 2250 538 2300 et
561 2238 638 2319 ipse
662 2237 698 2299 in
721 2237 936 2299 monasterio
953 2237 1151 2300 Mellicensi
1167 2238 1326 2301 habitum
1349 2241 1549 2322 regularem
1565 2249 1778 2321 sumpserat,
1802 2239 1916 2301 omnia

185 2377 262 2440 fere
288 2378 465 2458 Austriae,
494 2375 703 2457 Salisburgi,
731 2374 923 2436 Bohemiae
951 2376 1167 2438 monasteria
1194 2376 1282 2439 adiit
1312 2397 1504 2459 eorumque
1532 2378 1707 2440 tabularia
1735 2387 1773 2440 et
1795 2377 1916 2439 biblio

186 2514 307 2579 thecas
331 2515 485 2578 maximo
509 2534 587 2577 cum
610 2513 728 2576 fructu
751 2523 993 2594 perscrutatus
1018 2524 1081 2577 est.
1128 2514 1183 2577 Ex
1211 2515 1265 2577 his
1294 2516 1479 2579 itineribus
1507 2517 1656 2598 prodiit:
1693 2516 1915 2601 „Thesaurus

186 2656 439 2717 anecdotorum
463 2651 675 2715 novissimus
698 2670 761 2713 seu
785 2660 946 2714 veterum
969 2656 1489 2738 monumentorumnpraecipue
1521 2655 1845 2719 ecclesiasticorum
1875 2676 1916 2719 ex

187 2792 407 2855 Germanicis
431 2790 653 2872 potissimum
670 2789 895 2853 bibliothecis
912 2791 1085 2853 adornata
1102 2792 1265 2854 collectio
1282 2794 1546 2856 recentissima“
1562 2793 1596 2872 ³).
1635 2794 1714 2856 Hoc
1730 2794 1833 2875 libr0,
1851 2813 1916 2874 quo

185 2931 352 2993 d'Acheri
376 2938 411 2991 et
434 2928 587 2991 Marteni
610 2928 785 2991 sociorum
814 2929 947 2991 ordinis
971 2927 1188 2992 Gallicorum
1220 2932 1344 2993 laudes
1373 2932 1563 2994 adsecutus
1595 2940 1665 3011 est,
1698 2952 1777 2994 cum
1811 2932 1917 2995 multa

184 3069 351 3132 historiae
375 3077 601 3130 monumenta
625 3078 699 3128 tum
723 3066 821 3128 varia
845 3066 978 3148 scripta
1002 3068 1209 3148 complexus
1234 3078 1289 3130 est
1313 3069 1456 3131 Alcuini
1479 3069 1648 3133 Masentii
1672 3071 1716 3132 de
1741 3070 1917 3152 Aquileia,

184 3207 369 3270 Paschasii
384 3206 572 3286 Radberti,
597 3205 747 3267 Notkeri
764 3203 1020 3286 Sangallensis,
1043 3204 1208 3268 Gerberti
1226 3205 1402 3288 (Silvestri
1418 3208 1473 3290 ΙΙ.)
1496 3207 1654 3271 Gerhohi
1669 3210 1714 3271 de
1729 3209 1917 3271 Reichers·

184 3349 282 3428 berg,
297 3345 404 3407 Alani
421 3346 464 3406 de
478 3344 615 3425 lnsulis,
632 3345 801 3405 abbatum
815 3341 1010 3426 GodefridI,
1026 3344 1213 3426 IrimbertI,
1233 3345 1441 3428 Engelberti
1455 3346 1762 3429 Admontensium„
1776 3345 1918 3409 Heurici

185 3485 229 3546 de
253 3484 385 3545 Hassia
407 3482 625 3563 aliorumque
649 3481 871 3563 scriptorum.
911 3482 1045 3545 Eodem
1061 3483 1141 3545 loco
1157 3485 1309 3546 habetur
1325 3484 1420 3546 aliud
1437 3484 1612 3547 Bernardi
1628 3504 1736 3566 opus:
1763 3484 1916 3565 „Biblio-

185 3625 288 3685 theca
311 3621 476 3700 ascetica,
501 3621 767 3701 antiquo-nova,
799 3621 866 3682 hoc
894 3630 949 3682 est
977 3621 1139 3683 collectio
1163 3633 1323 3684 veterum
1352 3624 1584 3704 quorumdam
1616 3632 1652 3685 et
1683 3622 1917 3685 recentiorum

186 3761 437 3840 opusculorum
468 3758 719 3838 asceticorum,
753 3779 844 3840 quae
875 3760 1057 3840 hucusque
1089 3761 1123 3822 ln
1154 3761 1262 3822 variis
1292 3782 1336 3824 m.
1361 3782 1388 3823 s.
1412 3760 1594 3823 codicibus
1626 3770 1662 3822 et
1691 3760 1919 3823 bibliothecis

187 3895 432 3975 delituerunt“‚
457 3896 517 3977 qui
540 3895 629 3957 liber
653 3905 708 3957 est
732 3897 775 3959 de
800 3897 950 3978 scriptis,
976 3918 1066 3979 quae
1091 3900 1136 3961 ad
1160 3899 1437 3982 intellegendam
1453 3899 1561 3960 medii
1581 3899 1662 3961 aevi
1686 3909 1800 3962 artem
1824 3918 1919 3962 asce-

186 4035 293 4098 ticam
318 4050 353 4096 et
377 4035 563 4116 mysticam
587 4035 774 4115 plurimum
799 4038 985 4100 conferunt
999 4039 1031 4119 ⁴).

316 4173 395 4234 Non
419 4173 530 4235 solum
555 4183 673 4235 autem
697 4173 915 4258 theologiae,
940 4179 1004 4239 sed
1032 4178 1139 4240 etiam
1163 4177 1331 4239 historiae
1354 4177 1414 4239 illa
1444 4185 1564 4239 aetate
1594 4175 1708 4240 filiis.
1734 4176 1919 4240 Benedicti

188 4332 334 4394 operam
370 4313 552 4374 dederunt.
599 4313 720 4393 Atque
755 4334 823 4376 non
859 4325 931 4377 tam
966 4315 1170 4396 opinionum
1205 4314 1400 4395 antiquitus
1434 4323 1661 4396 acceptarum
1692 4316 1752 4377 vel
1785 4315 1919 4397 piarum

186 4453 396 4530 fabularum,
421 4470 526 4532 quam
549 4450 705 4532 ipsorum
728 4451 877 4514 fontium
900 4453 990 4515 ratio
1014 4463 1069 4515 est
1092 4452 1224 4534 habita,
1250 4453 1310 4533 qui
1334 4473 1380 4515 ex
1403 4452 1699 4517 bibliothecarum
1724 4462 1760 4517 et
1785 4455 1920 4518 tabula-

188 4592 317 4653 riorum
348 4589 505 4652 tenebris
535 4589 570 4650 in
601 4589 715 4652 lucem
746 4592 918 4672 protracti
941 4603 1032 4654 sunt.
1078 4590 1157 4671 Qua
1188 4592 1223 4653 in
1254 4611 1292 4654 re
1323 4590 1418 4654 fama
1450 4592 1604 4655 virorum
1635 4594 1780 4656 saeculo
1806 4593 1921 4656 XVII.

364 4862 563 4937 Ziegelbauer
587 4864 604 4918 l.
630 4882 655 4919 c.
680 4863 730 4918 IV.

320 4862 341 4940 ¹)

321 4973 343 5053 ²)
367 4977 465 5052 'I'ypis
490 4976 645 5031 consectus
670 4975 827 5050 Augustae
851 4975 1073 5032 Vindelicorum
1099 4990 1128 5032 ct
1152 4975 1272 5032 Graecii
1302 4974 1381 5047 1716
1406 4978 1435 5031 in
1459 4975 1501 5031 8⁰.

318 5086 341 5165 ³)

365 5089 472 5145 Editus
497 5102 542 5144 est
565 5088 720 5162 Augustae
744 5088 976 5154 Vindelicorum,
1002 5102 1072 5144 tom.
1097 5088 1206 5143 1-111.
1236 5100 1332 5160 1721;
1366 5100 1436 5143 tom.
1458 5088 1507 5144 IV.
1537 5102 1634 5160 17233
1668 5102 1739 5146 tom.
1762 5090 1799 5147 V.
1830 5088 1922 5162 1728;

191 5214 262 5257 tom.
280 5201 330 5257 VI.
355 5204 403 5276 qui
429 5202 506 5258 idem
533 5201 657 5273 „Codex
680 5200 1244 5277 diplornatico·hist0rico·epistolaris“
1271 5199 1452 5268 inscribitur,
1482 5214 1572 5273 1729.

322 5309 344 5389 4)
367 5312 442 5369 Sunt
466 5317 537 5370 tomi
561 5315 627 5381 XII,
657 5333 783 5388 quorum
813 5315 872 5372 duo
897 5316 988 5371 ultimi
1018 5327 1088 5390 post
1112 5312 1226 5370 obitum
1250 5312 1395 5369 Bernardi
1424 5327 1502 5385 1735
1527 5314 1579 5370 xl.
1607 5328 1688 5388 1740
1716 5315 1783 5372 XII.
1815 5314 1923 5392 pubIIci

193 5427 264 5481 iuris
289 5424 356 5480 iacti
382 5441 458 5483 sunt.
