4222 6106
882 497 924 507 -
969 459 1132 522 LXXVI
1176 496 1219 507 -

184 690 434 752 monachorum
456 688 492 750 in
516 707 600 751 cura
624 686 816 750 animarum
841 685 1108 766 elaborantium,
1133 650 1348 768 ceterisque,
1379 705 1470 767 quae
1498 686 1623 748 relicta
1651 695 1763 767 erant,
1794 683 1922 768 gravia

185 849 293 892 onera
322 828 615 910 iniungebantur,
649 846 727 888 cum
756 826 874 888 edicta
905 825 1150 906 imperatoria,
1184 845 1230 888 ex
1262 825 1389 907 quibus
1422 833 1564 887 veteres
1594 823 1803 905 parochiae,
1836 844 1921 907 qua-

184 988 260 1031 rum
283 967 372 1030 fines
395 986 503 1048 saepe
533 967 604 1030 late
632 967 819 1047 patebant,
852 965 968 1027 denuo
996 964 1253 1027 describendae
1279 983 1466 1047 novaeque
1494 965 1666 1027 stationes
1692 964 1919 1046 parochiales

184 1108 375 1191 erigendae
403 1117 516 1187 erant,
552 1106 657 1169 etiam
688 1106 734 1167 ad
761 1104 1054 1167 monasteriorum
1084 1104 1273 1185 parochias
1304 1102 1523 1185 pertinerent
1552 1112 1591 1166 et
1619 1105 1772 1166 abbates
1802 1122 1917 1166 novas

184 1245 371 1329 parochias
394 1244 603 1308 necessariis
626 1246 733 1306 rebus
756 1242 941 1325 instruere,
970 1243 1078 1305 aedes
1102 1261 1222 1305 sacras
1250 1251 1286 1305 et
1314 1236 1454 1305 scholis
1483 1240 1671 1305 aedificare
1699 1242 1916 1306 iuberentur.

315 1384 415 1465 Quae
446 1385 492 1446 ab
523 1383 738 1464 imperatore
761 1381 915 1462 Iosepho
938 1381 984 1444 ΙΙ.
1018 1380 1212 1443 constituta
1242 1391 1342 1462 sunt,
1373 1380 1409 1442 in
1440 1379 1643 1443 universum
1675 1380 1782 1444 etiam
1814 1381 1920 1444 hodie

184 1534 328 1586 manent
351 1532 458 1603 atque
482 1522 549 1583 hae
572 1531 655 1583 sunt
678 1519 869 1602 parochiae
893 1540 914 1583 a
938 1520 1184 1584 Benedictinis
1206 1531 1435 1602 procuratae:

315 1659 502 1724 Scotorum
525 1659 871 1722 Vindobonensium:
896 1659 1065 1741 parochia
1088 1658 1349 1722 monasterialis
1357 1708 1366 1740 ,
1391 1657 1650 1740 Gaunersdorf,
1674 1658 1919 1742 Martinsdorf,

186 1797 440 1882 Schottenfeld,
466 1798 752 1880 Stammersdorf,
776 1797 989 1883 Eggendorf
1008 1798 1054 1860 im
1071 1798 1194 1880 Thale,
1218 1798 1369 1881 Pulkau,
1392 1799 1664 1880 Hoebesbrunn‚
1689 1798 1920 1880 Zellerndorf,

185 1940 406 2021 Breitenlee,
434 1937 658 2021 Enzersfeld,
682 1938 945 2018 Weitzendorf,
974 1937 1192 2002 Enzersdorf
1217 1939 1264 2002 im
1288 1939 1416 2018 Thale,
1446 1937 1786 2021 Kleinengersdorf,
1812 1938 1920 2019 Platt‚

185 2076 436 2159 Watzelsdorf,
460 2076 512 2142 St.
536 2077 671 2159 Ulrich,
696 2075 951 2159 Gumpendorf,
975 2078 1132 2159 Ien0e1).

315 2217 524 2280 Monasterii
553 2216 769 2279 Mellicensis
799 2217 1009 2298 parochiae:
1040 2217 1154 2297 Melk,
1187 2215 1408 2297 Rohrndorf,
1440 2216 1570 2298 Plank,
1601 2216 1877 2280 Matzleinsdorf
1887 2217 1922 2296 ²),

186 2354 450 2437 Traiskirchcn,
482 2354 701 2436 Zwerndorf,
733 2355 959 2439 Haugsdorf,
991 2355 1233 2438 Matzendorf,
1266 2355 1636 2439 Untergiinserndorf,
1669 2354 1921 2436 Leobersdorf,

187 2492 486 2575 Groissenbrunn‚
522 2492 767 2578 Grillenberg,
800 2493 994 2576 Ziersdorf,
1023 2495 1175 2576 Viislau,
1204 2494 1458 2576 Weikendorf,
1493 2495 1644 2576 Lassee,
1669 2493 1924 2576 Wullersdorf,

189 2631 391 2714 Gettsdorf,
421 2632 668 2714 Ravelsbach,
701 2629 890 2729 Gainfarn,
926 2631 1253 2715 Grossriedenthal,
1288 2633 1516 2715 Alberndorf,
1550 2631 1921 2715 Untermarkersdorf,

188 2771 435 2851 Oberwieden,
459 2771 825 2853 Untersiebenbrunn‚
849 2771 1074 2853 immendorf,
1099 2772 1236 2853 protes,
1262 2769 1589 2853 Grossmeiseldorf,
1613 2771 1643 2833 F
1646 2771 1801 2835 ahndorf
1810 2774 1847 2851 ³).

316 2909 524 2972 Monasterii
554 2907 797 2972 Gottvicensis
828 2910 1037 2991 parochiae:
1069 2908 1268 2993 Giittweig,
1300 2909 1492 2991 Haindorf,
1523 2909 1707 2991 Mentem,
1738 2908 1922 2991 Hainfeld,

188 3049 317 3131 Pyhra,
340 3049 439 3131 Kilb,
464 3047 702 3129 Getzersdorf,
727 3047 779 3113 St.
795 3048 881 3112 Veit
896 3070 942 3111 an
958 3050 1021 3112 der
1037 3048 1182 3130 Go'lsen,
1199 3050 1343 3131 Kottes,
1360 3048 1595 3130 Rabenstein,
1612 3049 1779 3130 Rossatz,
1797 3049 1826 3111 F
1828 3051 1923 3131 urth,

188 3185 348 3268 Griinau,
372 3187 512 3268 Mauer,
535 3187 726 3268 Kleinzell,
755 3188 1042 3270 Brunnkirchen,
1070 3188 1332 3270 Markersdorf,
1360 3189 1476 3269 Purk,
1504 3188 1747 3270 Michelbach,
1772 3188 1925 3252 Unters-

187 3328 350 3409 bergern,
374 3324 678 3389 Schwarzenbach
702 3347 747 3388 an
772 3327 835 3388 der
858 3324 1003 3408 Giilsen,
1026 3327 1224 3390 Rohrbach
1239 3327 1273 3408 ⁴),
1298 3326 1508 3408 Unternalb,
1532 3327 1740 3408 Miihlbach,
1764 3325 1924 3390 Pfaffen-

187 3462 275 3545 dors,
299 3463 555 3545 Nappersdorf,
579 3463 776 3544 Itzelsdorf,
801 3463 949 3548 Giising,
973 3466 1223 3550 Roggendorf,
1249 3465 1431 3530 Obernalb
1447 3466 1482 3547 ⁵).

315 3602 525 3665 Monasterii
549 3602 857 3668 Seitenstettensis
881 3604 1091 3686 parochiae:
1122 3602 1396 3686 Seitenstetten,
1420 3603 1647 3688 Wolfsbach,
1671 3607 1924 3688 Krenstetten,

187 3741 344 3822 Asbach,
365 3742 626 3825 Allhartsberg,
651 3741 914 3828 Sonntagberg,
940 3742 1082 3827 Ohling,
1105 3744 1249 3827 Ibbsitz,
1273 3745 1485 3826 Biberbach,
1506 3745 1702 3829 Windhag,
1726 3744 1779 3811 St.
1798 3745 1925 3830 Georg

187 3878 222 3940 in
246 3878 309 3940 der
331 3879 480 3960 Klause,
506 3878 557 3944 St.
576 3880 741 3963 Michael,
765 3881 816 3946 St.
835 3883 975 3962 Johann
989 3881 1023 3964 ⁶).

315 4015 524 4080 Monasterii
547 4018 847 4103 Altenburgensis
870 4022 1076 4102 parochiae:
1104 4022 1318 4106 Altenburg,
1343 4023 1453 4104 Hom,
1477 4022 1643 4107 Striigen,
1667 4022 1926 4106 Rohrenbach,

188 4152 362 4236 Ludweis,
385 4155 687 4237 Dietmannsdorf,
710 4157 933 4239 Dreieichen,
957 4160 1088 4243 Aigen,
1114 4159 1166 4225 St.
1192 4161 1330 4224 Marein
1346 4163 1378 4244 ⁷).

187 4392 362 4448 Intercessit
385 4393 544 4450 cardinalis
567 4412 669 4452 comes
693 4396 831 4471 Migazzi‚
860 4398 1108 4475 archiepiscopus
1132 4398 1374 4457 Vindobonensis
1405 4413 1497 4477 atque
1526 4400 1702 4458 firmissimis
1733 4404 1927 4478 argumentis

188 4503 414 4574 demonstravit,
438 4506 599 4581 parochias
622 4510 811 4565 monasteriis
833 4509 989 4567 adiunctas
1013 4530 1181 4588 magnaque
1203 4532 1241 4570 ex
1264 4526 1351 4589 parte
1379 4511 1417 4570 ab
1441 4514 1477 4570 iis
1501 4515 1681 4571 constitutas
1709 4516 1774 4571 iure
1807 4517 1929 4591 optimo

187 4621 438 4674 monasteriorum
462 4637 530 4676 esse
553 4639 758 4696 summamque
782 4624 880 4680 inesse
903 4625 933 4679 in
956 4624 1007 4680 iilo
1031 4624 1130 4682 edicto
1153 4627 1301 4684 iniuriam.

318 4727 339 4810 ¹)
362 4730 454 4787 Ienoe
477 4733 624 4807 parochia
646 4735 676 4788 in
699 4735 856 4809 Hungaria
879 4738 936 4792 sita
960 4750 1015 4804 est,
1040 4750 1160 4795 ceterae
1183 4757 1288 4795 omnes
1312 4741 1342 4795 in
1366 4739 1583 4797 archidioecesi
1608 4737 1852 4797 vindobonensi.

317 4840 340 4923 2)
363 4844 397 4900 In
420 4843 553 4901 dioecesi
577 4844 844 4922 Sanhippoiytana.

316 4952 339 5033 ³)
362 4957 395 5013 In
419 4956 637 5015 archidioecesi
660 4958 896 5017 Vindobonensi.

317 5065 340 5146 4)
364 5070 397 5125 Iu
420 5070 552 5129 dioecesi
577 5070 844 5149 Sanhippolytana.

318 5178 342 5260 ⁵)
366 5182 399 5237 In
421 5184 639 5242 archidioecesi
663 5184 900 5243 vindobonensi.

319 5287 342 5371 ⁶)
366 5293 479 5352 Omnes
502 5299 532 5353 in
554 5297 688 5355 dioecesi
712 5296 983 5377 Sanhippolytana.

320 5402 342 5482 7)
367 5405 480 5464 Omnes
503 5410 532 5464 in
555 5409 688 5468 dioecesi
712 5409 980 5488 Sanhippolytana.
