4222 6106
914 442 1205 529 ‘⁸521—

184 651 402 714 servierunt.
426 650 488 713 Uti
506 651 601 711 edita
622 654 702 711 1830
715 640 866 709 historia
882 632 1026 706 univer-

157 834 160 838 ,
188 772 268 852 sali,
287 791 378 852 quae
394 772 430 833 in
442 772 602 853 plurimis
618 770 788 832 institutis
805 768 1024 850 philosophi·

190 895 242 956 cis
259 904 295 955 et
312 893 604 955 universitatibus
617 913 681 974 pro
694 892 848 954 manuali
865 891 1022 971 praelec-

189 1014 326 1076 tionum
340 1017 509 1094 adoptata
529 1024 594 1093 est,
611 1013 679 1074 sibi
696 1013 731 1074 in
747 1014 833 1074 orbe
850 1011 1022 1073 litterario

192 1155 319 1197 nomen
341 1145 377 1198 et
397 1136 566 1196 honorem
590 1133 828 1214 comparavit,
853 1134 903 1194 ita
928 1131 1023 1193 dicta

191 1255 804 1338 topographiastatistico-historice
815 1254 1022 1315 elucubrata

191 1377 386 1457 Moraviae,
403 1387 586 1439 aeternum
600 1377 668 1439 sibi
683 1376 803 1458 posuit
819 1395 1022 1437 monumen-

191 1509 275 1561 tum.
303 1499 332 1560 F
335 1499 421 1561 inito
442 1519 534 1561 anno
554 1498 767 1561 scholastico
789 1502 867 1574 1841
888 1494 1022 1574 11701οῨ

194 1620 301 1681 etiam
315 1640 336 1680 a
349 1620 554 1700 professura
562 1619 729 1681 historiae
743 1618 952 1680 universalis
965 1619 1022 1678 ab·

193 1742 330 1803 solutus
346 1753 415 1809 est:
430 1763 467 1803 22
480 1760 591 1802 annos
604 1740 802 1802 exantlavit
811 1759 881 1820 qua
890 1737 1021 1819 profes-

191 1882 258 1939 sor,
276 1863 400 1924 honori
416 1862 620 1924 monasterii
638 1873 674 1923 et
695 1862 894 1923 auditorum
913 1858 1022 1921 omni-

190 2003 307 2065 genae
317 1985 462 2046 utilitati
476 1984 642 2047 intentus.
661 1984 868 2045 intenderat
878 1982 1023 2060 insuper

189 2105 464 2186 topographiam
478 2105 756 2166 ecclesiasticam
769 2103 952 2165 Moraviae
968 2111 1022 2183 ty-

190 2226 244 2306 pis
262 2227 379 2305 edere,
402 2237 552 2306 accepto
567 2225 660 2287 hunc
679 2226 713 2286 in
729 2223 834 2286 finem
851 2224 1023 2286 facultate

194 2367 211 2407 e
223 2347 358 2409 tabulis
367 2346 549 2408 Moraviae
563 2357 598 2408 et
611 2347 846 2428 registratura
859 2345 1024 2427 gubernii

191 2468 335 2529 notitias
353 2468 584 2548 excerpendi;
603 2487 694 2548 quae
711 2477 791 2528 acta
808 2487 915 2547 quum
933 2466 1023 2528 diffi-

191 2589 304 2651 culter
319 2589 364 2649 ad
377 2589 628 2650 monasterium
641 2588 922 2668 admitterentur,
935 2590 1023 2650 Bru-

191 2728 256 2772 nae
272 2729 339 2790 per
355 2718 496 2790 tempus
512 2709 546 2770 in
563 2720 683 2771 nostra
700 2709 893 2771 residentia
915 2711 1022 2790 dege-

190 2841 252 2892 rat.
277 2831 476 2912 Incipiente
501 2821 593 2894 ann'o
619 2837 698 2909 1843
720 2832 849 2894 iterata
871 2832 949 2894 vice
970 2842 1022 2895 to-

190 2965 260 3015 tam
272 2953 696 3034 peragravitll‘loraviam,
711 2953 747 3015 in
760 2954 908 3016 urbibus
920 2974 1022 3035 prae-

189 3075 304 3156 cipuis
321 3074 452 3135 diutius
469 3095 689 3137 commorans
711 3077 756 3137 ad
779 3077 954 3136 eruendos
976 3094 1022 3136 ex

190 3195 344 3257 archivis
362 3195 493 3257 ibidem
512 3195 749 3258 existentibus
771 3216 883 3258 novos
903 3196 1021 3258 fontes

187 3337 252 3397 pro
277 3337 371 3378 novo
395 3327 520 3379 vastae
545 3316 753 3380 eruditionis
777 3336 902 3399 opere,
926 3319 1020 3397 quod

189 3438 419 3501 moliebatur:
452 3440 711 3521 „topographia
745 3439 1019 3503 ecclesiastica“.

186 3560 251 3623 Est
260 3562 351 3622 haec
360 3581 445 3622 vero
459 3561 672 3622 tabularium
686 3581 749 3622 seu
763 3561 1019 3622 thesaurarium

186 3683 356 3746 historiae
381 3683 585 3745 Moravicae
610 3684 914 3764 comprehendens
941 3683 976 3743 in
1001 3686 1019 3743 8

183 3805 291 3868 tomis
313 3805 438 3867 silvam
459 3824 574 3866 rerum
596 3805 853 3884 historicarum,
878 3813 914 3866 et
935 3824 1019 3866 vere

183 3926 358 3989 mirabilis
385 3946 551 3989 numerus
577 3928 774 3989 litterarum
802 3927 852 3988 ibi
876 3937 1020 3988 conten-

182 4060 313 4111 tarum.
342 4046 403 4111 Sic
428 4067 483 4109 ex.
511 4069 563 4130 gr.
581 4048 716 4129 Wolny
740 4048 862 4110 scribit
887 4069 933 4125 19.
955 4049 1018 4110 Iul.

186 4176 271 4248 1840
286 4171 409 4232 abbati
422 4170 631 4251 Kremsiri0,
649 4191 687 4231 se
705 4175 789 4232 5000
805 4181 950 4251 regesta
967 4191 1020 4232 ar-

183 4291 297 4373 chivi,
324 4293 419 4373 quod
442 4291 491 4352 ibi
516 4301 581 4371 est,
607 4292 831 4371 excerpsisse
853 4301 889 4353 et
911 4292 944 4353 in
967 4312 1020 4352 ar-

183 4414 292 4476 chivo
322 4413 469 4493 capituli
497 4411 743 4475 Olomucensis
775 4417 856 4474 1560
882 4413 1020 4474 litteras

182 4543 444 4616 pertractasse;
467 4535 561 4596 unde
579 4534 684 4595 etiam
708 4533 945 4595 munificentia
966 4554 1020 4595 ar·

182 4654 408 4735 chiepiscopi
425 4655 614 4717 cardinalis
631 4656 676 4716 de
693 4654 1019 4735 Somerau-Beckh,

185 4777 317 4857 quibus
330 4796 421 4856 opus
429 4778 597 4856 habebat,
607 4776 844 4857 Raigradium
860 4777 892 4838 ei
904 4777 1020 4838 mitte-

183 4901 326 4960 bantur.
368 4897 593 4979 Comparatis
621 4898 785 4959 omnibus
813 4898 954 4959 110101110
981 4917 1019 4959 se

186 5020 339 5083 contulit
359 5023 451 5100 1847,
469 5039 614 5081 munere
631 5019 826 5099 subprioris
843 5021 968 5080 domus
985 5028 1021 5081 et

185 5141 306 5205 officio
319 5141 480 5232 magistri
494 5140 705 5203 novitiorum
719 5140 918 5222 insignitus
935 5141 964 5202 F
966 5162 1020 5203 ac·

185 5273 243 5326 tus
260 5263 330 5324 iam
352 5284 376 5324 1.
393 5263 457 5325 Iul.
480 5267 557 5340 1847
583 5265 777 5325 membrum
802 5263 848 5324 ad
868 5262 1020 5323 honores

184 5385 371 5448 societatis
384 5369 567 5447 'historiae
592 5384 807 5447 Karinthiae
817 5434 826 5466 ,
855 5383 1020 5465 sequenti

1107 651 1155 707 26.
1173 646 1246 707 Ian.
1269 649 1348 723 1848
1367 645 1613 707 denominatur
1638 667 1659 706 a
1681 667 1745 707 sua
1766 666 1933 709 caesarea

1104 769 1290 830 maiestate
1306 769 1500 829 membrum
1514 770 1798 848 correspondens
1810 769 1933 830 classis

1103 889 1370 970 philosophicae
1392 888 1581 950 historicae
1606 909 1697 951 caes
1715 909 1788 972 reg.
1806 893 1933 952 acade-

1103 1011 1193 1072 miae
1215 1010 1442 1071 scientiarum
1460 1011 1620 1072 Viennae
1646 1012 1813 1093 (diploma
1835 1014 1931 1074 ddto.

1103 1137 1153 1193 31.
1170 1132 1257 1194 Dec.
1280 1133 1382 1212 1852),
1400 1141 1435 1192 et
1458 1132 1578 1208 141111.
1597 1136 1676 1209 1841)
1693 1131 1843 1194 facultas
1856 1135 1932 1214 phi-

1102 1253 1286 1333 losophica
1303 1252 1545 1314 universitatis
1562 1254 1769 1334 Pragensi5‚
1795 1255 1932 1316 exactis

1103 1385 1244 1436 centum
1269 1375 1389 1436 lustris
1410 1367 1578 1436 natalium
1600 1395 1757 1456 suorum,
1782 1377 1932 1438 eundem
2021 1407 2023 1410 >

1102 1495 1230 1557 artium
1241 1494 1439 1557 liberalium
1450 1497 1741 1577 etphilosophiae
1752 1500 1932 1560 doctorem

1102 1618 1328 1680 renuntiavit.
1354 1617 1468 1697 Quum
1490 1628 1572 1698 post
1593 1618 1728 1679 obitum
1746 1619 1932 1680 archivarii

1103 1740 1245 1800 Boczek
1262 1748 1376 1800 status
1393 1740 1565 1801 Moravici
1583 1743 1707 1801 eodem
1723 1760 1816 1801 anno
1832 1741 1932 1801 relic-

1102 1861 1287 1921 tamhuius
1297 1861 1363 1921 viri
1373 1861 1617 1922 collectionem
1626 1861 1830 1922 historicam
1840 1881 1933 1923 com-

1102 2000 1230 2061 parare
1247 1981 1492 2060 intendissent,
1510 1980 1721 2063 Gregorium
1737 1985 1932 2044 membrum

1104 2102 1360 2163 commissionis
1376 2103 1633 2164 aestimationis
1649 2103 1819 2185 fecerunt,
1837 2107 1932 2186 quod

1104 2242 1230 2284 munus
1261 2223 1491 2285 honorificum
1519 2224 1668 2305 Wolny,
1700 2225 1803 2287 aliter
1829 2226 1933 2287 nimis

1103 2355 1309 2425 occupatus,
1332 2347 1545 2425 deprecatus
1563 2356 1627 2409 est.
1652 2347 1759 2408 Anno
1781 2352 1860 2410 1850
1882 2353 1932 2411 28.

1103 2467 1207 2527 Febr.
1224 2465 1360 2546 Wolny
1386 2467 1529 2548 eligitur
1550 2470 1745 2529 membrum
1766 2469 1933 2531 sectionis

1103 2588 1486 2651 historico-statisticae
1512 2591 1668 2672 Brunae,
1693 2592 1856 2672 sequenti
1880 2611 1934 2652 se·

1104 2711 1186 2771 dulo
1199 2711 1392 2790 perlustrat
1405 2710 1585 2772 archivum
1600 2721 1716 2774 terrae
1729 2712 1933 2774 Moravicae

1102 2833 1234 2894 ibidem
1248 2843 1283 2894 et
1296 2833 1488 2913 incipiente
1500 2854 1594 2896 anno
1609 2838 1699 2912 1855,
1711 2854 1780 2895 000
1790 2835 1933 2895 obstan·

1102 2956 1197 3017 tibus
1213 2956 1395 3016 laboribus
1408 2954 1516 3017 officii
1530 2955 1584 3017 sui
1598 2956 1791 3037 domestici,
1811 2965 1932 3038 „topo-

1101 3075 1287 3158 graphiam
1305 3076 1603 3138 ‘ecclesiasticam‘
1625 3076 1759 3157 publici
1778 3077 1863 3138 iuris
1882 3076 1932 3137 fe-

1102 3198 1159 3260 cit.
1177 3199 1305 3260 Totum
1319 3218 1409 3278 opus
1422 3198 1456 3258 in
1471 3199 1559 3259 duas
1573 3199 1755 3260 dioeceses
1768 3199 1931 3280 partitus,

1101 3319 1251 3400 singulis
1264 3320 1364 3381 annis
1377 3321 1525 3400 perinde
1539 3339 1608 3381 uno
1622 3329 1717 3382 tom'o
1730 3320 1837 3402 editu,
1852 3326 1931 3399 1864
1984 3400 1989 3411 Ι

1101 3445 1146 3502 ad
1168 3440 1307 3502 felicem
1325 3451 1360 3502 et
1376 3451 1603 3521 peroptatum
1623 3440 1729 3503 finem
1752 3443 1931 3522 perduxit,

1101 3563 1166 3642 0111,
1181 3583 1202 3623 a
1215 3565 1354 3625 duobus
1366 3563 1534 3625 fratribus
1547 3564 1742 3626 iunioribus
1756 3562 1931 3644 suffultus

1105 3688 1184 3744 1866
1209 3684 1362 3746 1011100111
1387 3686 1591 3766 generalem
1615 3685 1787 3748 adiunxit.
1817 3684 1932 3765 Quam

1100 3815 1286 3885 acceptum
1304 3825 1393 3885 opus
1410 3808 1476 3867 hoc
1490 3807 1664 3886 omnibuS,
1681 3818 1755 3868 tum
1772 3806 1930 3885 eruditis,

1101 3936 1175 3988 tum
1197 3927 1466 4008 magistratibus
1490 3926 1652 3988 civilibus
1677 3938 1790 4007 aeque
1813 3946 1854 3987 ac
1877 3946 1932 3987 00-

1101 4048 1309 4109 clesiasticis
1330 4048 1454 4128 fuerit,
1478 4048 1636 4129 praemia
1657 4045 1850 4109 honorifica
1872 4049 1932 4109 de-

1101 4169 1237 4232 clarant
1262 4168 1437 4251 Gregorio
1466 4170 1622 4250 undique
1651 4170 1790 4231 collata.
1827 4170 1932 4230 Anno

1105 4295 1184 4368 1854
1203 4301 1253 4354 20.
1267 4292 1356 4352 Nov.
1371 4292 1592 4353 consiliarius
1604 4290 1757 4353 titularis
1770 4291 1932 4372 episcopi

1100 4412 1295 4473 Brunensis
1305 4411 1358 4484 fit;
1374 4414 1512 4474 duobus
1525 4423 1608 4493 post
1623 4434 1650 4475 2.
1661 4412 1765 4476 Mart.
1784 4416 1864 4474 1856
1878 4432 1932 4473 01-

1101 4533 1183 4594 11100
1200 4534 1356 4615 equestri
1374 4535 1554 4597 Francisci
1564 4535 1706 4615 Iosephi
1716 4535 1741 4596 Ι.
1756 4534 1931 4595 sollemni-

1100 4665 1155 4716 ter
1168 4656 1365 4736 decoratur,
1381 4676 1452 4735 qua
1465 4655 1651 4717 occasione
1664 4655 1740 4716 eius
1753 4655 1930 4735 quondam

1101 4777 1296 4857 discipulus
1310 4777 1371 4839 Dr.
1384 4777 1474 4857 Alle,
1492 4777 1632 4837 nomine
1649 4776 1812 4855 omnium,
1829 4794 1931 4855 prae-

1101 4897 1196 4959 clara
1226 4896 1345 4980 „Oda“
1375 4897 1503 4959 Latina
1534 4896 1566 4958 ei
1598 4897 1929 4978 congratulabatur;

1104 5021 1185 5095 1850
1216 5017 1355 5079 01111001
1390 5019 1595 5079 mandatum
1631 5017 1779 5078 membri
1816 5035 1930 5078 corre-

1100 5138 1309 5220 spondentis
1322 5138 1456 5201 archivi
1473 5138 1660 5209 Moravici;
1687 5143 1768 5199 1860
1789 5139 1929 5199 demum

1099 5258 1139 5321 fit
1155 5262 1350 5321 membrum
1366 5259 1621 5322 commissionis
1642 5260 1688 5320 ad
1709 5278 1858 5321 examen
1879 5260 1929 5321 111-

1100 5382 1318 5444 stituendum
1335 5384 1380 5444 de
1393 5383 1561 5464 operibus
1578 5380 1727 5444 edendis
1743 5381 1929 5444 occasione

1671 5485 1704 5532 66
