4222 6106
845 499 888 509 -
932 463 1170 526 LXXXVIII
1214 499 1258 510 -

184 689 435 752 Csanadiensis
469 701 524 752 est
558 690 861 769 adnumerandus,
896 688 984 751 alios
1016 708 1157 769 quoque
1187 689 1223 751 in
1253 690 1361 751 variis
1393 690 1524 752 ordinis
1555 690 1666 753 nostri
1696 689 1923 753 monasteriis

184 829 322 910 imperii
346 828 766 910 Austriaco-Hungarici,
790 828 998 910 praesertim
1022 829 1068 890 ad
1092 848 1119 890 s.
1142 829 1288 891 Petrum
1312 828 1511 911 Salisburgi
1536 837 1571 891 et
1595 827 1786 892 Cremifani
1808 827 1922 891 fuisse

185 976 221 1029 et
244 967 439 1050 scripsisse,
463 967 582 1029 multis
605 966 744 1048 libellis,
769 967 828 1048 qui
852 968 896 1029 ad
920 976 1077 1030 nostram
1093 980 1297 1031 manserunt
1313 969 1526 1049 memoriam,
1551 949 1758 1031 certissime*
1772 969 1920 1031 demon·

185 1116 326 1171 stratur.
371 1106 454 1187 Sed,
478 1106 538 1187 qui
562 1105 777 1187 scripserint,
802 1106 978 1169 nescimus
994 1107 1026 1187 ¹).

313 1245 379 1307 His
409 1243 642 1326 scriptoribus
673 1244 891 1328 adiungendi
922 1257 1004 1308 sunt
1034 1246 1075 1327 ii,
1107 1245 1167 1327 qui
1197 1246 1421 1308 contionibus
1449 1257 1485 1308 et
1514 1245 1729 1309 carminibus
1755 1263 1920 1308 sermone

184 1385 300 1466 patrio
335 1383 541 1465 compositis
574 1383 758 1447 scientiam
794 1385 1002 1466 disciplinae
1036 1384 1260 1467 theologicae
1295 1384 1552 1448 exercitabant.
1603 1385 1739 1447 Horum
1777 1403 1920 1465 quoque

184 1523 334 1603 nomina,
359 1542 437 1584 cum
461 1522 559 1584 libris
583 1523 742 1603 plurimis
765 1542 834 1585 non
859 1522 928 1585 sint
944 1523 1150 1604 praemissa,
1175 1522 1364 1584 maximam
1387 1533 1525 1604 partem
1550 1524 1653 1586 nobis
1676 1524 1802 1606 ignota
1827 1534 1919 1586 sunt.

185 1660 263 1742 Quo
294 1661 328 1723 in
359 1680 505 1723 numero
541 1672 622 1723 sunt
656 1663 787 1724 multae
818 1661 900 1722 illae
931 1660 1114 1723 contiones
1122 1710 1131 1742 ‚
1163 1680 1255 1741 quae
1285 1661 1330 1722 ad
1362 1681 1388 1723 s.
1419 1661 1647 1725 Lambertum
1678 1661 1714 1724 in
1743 1660 1852 1726 Stiria
1885 1672 1920 1725 et

184 1801 367 1863 Millstadii
390 1802 426 1863 in
449 1800 630 1863 Carinthia
652 1811 921 1882 permanserunt
936 1802 969 1880 2).
1010 1798 1146 1880 Quibus
1170 1800 1205 1862 in
1228 1799 1451 1863 monasteriis
1474 1810 1513 1862 ut
1536 1799 1571 1862 in
1595 1800 1674 1882 illis,
1699 1820 1793 1881 quae
1816 1799 1919 1863 flore·

184 1942 271 2002 bant
294 1941 328 2001 in
353 1940 499 2002 Austria
522 1950 558 2001 et
581 1937 808 2020 Salisburg0,
836 1939 990 2000 studium
1018 1938 1214 2001 litterarum
1240 1938 1388 2021 vigebat
1412 1939 1663 2002 adiuvantibus
1694 1938 1919 2021 principibus

186 2076 378 2141 Gebhardo
406 2077 671 2159 salisburgensi
698 2085 734 2139 et
757 2077 951 2139 Altmanno
974 2076 1204 2138 Passaviensi
1231 2086 1338 2158 atque
1362 2096 1483 2139 eorum
1510 2077 1778 2140 successoribus
1806 2088 1854 2159 et,
1882 2087 1920 2140 ut

184 2227 306 2280 nostra
321 2215 390 2278 fert
406 2215 535 2296 opini0,
548 2215 642 2277 haud
655 2234 771 2296 pauca
788 2214 922 2296 scripta
935 2224 1016 2278 sunt
1033 2227 1199 2296 poemata
1215 2235 1376 2279 sermone
1390 2215 1601 2279 Germanico
1610 2218 1644 2297 ³).
1673 2217 1919 2280 Hartmannus

184 2358 297 2418 abbas
314 2354 555 2418 Gottvicensis
571 2364 607 2416 et
623 2355 881 2435 Lambertinus,
906 2355 966 2436 qui
989 2366 1095 2418 antea
1117 2355 1214 2437 prior
1228 2354 1346 2418 fuerat
1361 2355 1396 2417 in
1413 2356 1628 2418 monasterio
1645 2357 1690 2417 ad
1707 2375 1734 2418 s.
1756 2354 1918 2418 Blasium

184 2494 219 2557 in
243 2494 354 2576 Nigra
378 2492 477 2557 Silva
491 2495 524 2573 ⁴),
548 2504 714 2575 poemata
738 2495 798 2576 pia
823 2494 951 2576 „libros
972 2493 1116 2556 Moisis“
1141 2492 1336 2575 perfecisse
1359 2493 1487 2557 dicitur
1511 2513 1673 2557 sermone
1691 2492 1918 2557 Germanico.

185 2633 289 2713 Quod
314 2651 527 2713 quamquam
555 2642 651 2695 certo
675 2633 899 2713 comprobari
923 2651 992 2694 non
1015 2641 1150 2713 potest,
1183 2632 1327 2693 dubium
1358 2651 1427 2694 non
1460 2642 1530 2713 est,
1562 2632 1647 2713 quin
1671 2632 1752 2694 Ava
1777 2632 1919 2694 Inclusa

191 2793 266 2851 1127
288 2771 323 2833 in
348 2770 559 2833 monasterio
578 2768 801 2833 Gottvicensi
818 2779 966 2849 mortua,
985 2769 1083 2832 cuius
1099 2768 1190 2831 filius
1206 2769 1449 2831 Hartmannus
1473 2772 1586 2832 abbas
1610 2789 1689 2833 esse
1711 2771 1918 2851 putabatur,

185 2922 340 2974 attamen
365 2909 440 2973 sine
464 2910 565 2993 gravi
588 2920 812 2993 argumento,
836 2909 949 2991 prima
971 2908 1078 2971 fuerit
1102 2907 1335 2972 Germanicae
1359 2909 1476 2991 gentis
1500 2908 1648 2990 poetria.
1696 2907 1805 2971 Cuius
1835 2926 1920 2990 poe·

185 3057 296 3111 mata:
330 3049 430 3129 „Von
464 3051 533 3110 den
561 3047 687 3111 Gaben
719 3051 782 3111 des
813 3048 968 3131 heiligen
1000 3048 1173 3129 Geistes“,
1208 3049 1318 3131 „Vom
1343 3047 1720 3131 Antichrist“‚„,Vom
1748 3049 1917 3130 jiingsten

185 3188 362 3266 Gerioht“,
386 3208 464 3250 cum
489 3189 643 3250 carmine
668 3188 810 3271 „Leben
833 3186 938 3266 Jesu“
964 3187 1032 3250 iam
1056 3188 1199 3250 saeculo
1223 3187 1432 3249 duodecimo
1460 3196 1545 3249 noto
1574 3187 1762 3249 coniuncta
1785 3195 1869 3248 sunt
1882 3186 1916 3265 ⁵).

185 3327 224 3390 In
249 3327 396 3389 Austria
422 3326 629 3407 (Mellicensi
653 3327 879 3407 monasterio)
903 3327 988 3389 illud
1014 3327 1165 3408 simplex
1189 3327 1445 3407 pulchrumque
1470 3345 1612 3388 carmen
1642 3345 1804 3389 sermone
1831 3325 1918 3389 Ger·

184 3466 321 3528 manico
345 3465 514 3546 scriptum
539 3475 603 3545 est,
628 3464 726 3527 cuius
750 3485 876 3527 nomen
896 3465 1053 3547 „Melker
1068 3465 1297 3527 Marienlied“
1322 3485 1425 3526 nemo
1449 3465 1589 3546 ignorat
1603 3464 1637 3545 ὁ).
1684 3463 1801 3526 Etiam
1826 3483 1918 3546 quae

184 3605 360 3667 Henricus
375 3604 496 3684 laicus,
514 3604 572 3685 qui
591 3607 798 3667 1153-1163
816 3604 851 3666 in
868 3604 1082 3666 monasterio
1095 3603 1291 3666 Mellioensi
1307 3603 1382 3684 fuit,
1398 3603 1498 3686 „Von
1512 3604 1575 3665 des
1587 3604 1690 3665 todes
1705 3604 1916 3685 gehiigede“

185 3753 220 3804 et
246 3741 529 3824 „Pfaffenleben“
556 3741 764 3823 composuit,
789 3762 834 3804 ex
858 3751 960 3823 parte
991 3742 1036 3802 ad
1059 3743 1153 3803 hunc
1176 3742 1292 3803 locum
1320 3740 1506 3803 referenda
1529 3751 1611 3803 sunt
1626 3741 1659 3822 7).
1706 3740 1916 3804 Memoriam

184 3881 320 3962 piorum
345 3890 529 3960 poetarum
546 3881 687 3942 saeculo
704 3880 913 3942 duodecimo
929 3878 1128 3941 florentium
1144 3877 1275 3940 ultimis
1296 3878 1428 3940 saeculi
1454 3879 1569 3959 quarti
1586 3879 1714 3941 decimi
1732 3880 1915 3942 decenniis

314 4210 334 4288 ¹)
358 4210 557 4283 Ziegelbauer
579 4212 655 4267 alios
679 4230 801 4286 quoque
823 4213 989 4286 scriptores
1012 4212 1203 4285 theologicos
1227 4226 1450 4269 commemorat.
1490 4212 1530 4267 At
1553 4231 1612 4268 non
1636 4225 1721 4268 erant
1744 4214 1915 4288 scriptores

187 4325 240 4383 sed
265 4324 385 4381 librarii.

313 4433 335 4513 ²)
360 4438 471 4512 Haupt,
495 4439 523 4492 in
548 4435 718 4492 Zeitschrist
742 4437 787 4493 stir
810 4437 970 4494 deutsches
993 4437 1170 4503 Alterthum,
1196 4452 1216 4494 t.
1241 4453 1291 4501 21.
1316 4451 1346 4493 et
1369 4438 1457 4494 Mone
1482 4441 1510 4494 in
1534 4437 1693 4511 Anzeiger.

313 4565 335 4645 ³)
360 4567 448 4623 Talia
471 4580 555 4622 sunt:
580 4566 719 4636 Genesis,
744 4566 878 4630 Exodus,
903 4567 1112 4642 physiologus.
1144 4567 1236 4624 Vide:
1267 4566 1411 4633 Scherer‚
1440 4569 1496 4624 Die
1520 4568 1697 4641 geistlichen
1722 4569 1839 4625 Poeten
1863 4569 1917 4625 der

185 4680 352 4738 deutschen
377 4681 552 4745 Kaiserzeit‚
577 4694 606 4735 et
630 4678 779 4737 eiusdem:
804 4680 986 4737 Geschichte
1010 4681 1064 4737 der
1086 4681 1249 4737 deutschen
1274 4680 1435 4755 Dichtung.

312 4808 334 4889 ⁴)
357 4812 495 4867 Mortuus
518 4824 564 4866 est
596 4825 691 4882 1114,
721 4810 758 4866 cs.
783 4811 920 4885 Pangerl‚
952 4810 1136 4867 Geschichte
1167 4811 1220 4866 der
1249 4811 1346 4868 Aebte
1378 4829 1438 4867 von
1469 4809 1513 4867 St.
1544 4808 1744 4879 Lambrecht;
1780 4812 1917 4876 Diemer‚

191 4925 346 4981 Deutsche
370 4922 520 4981 Gedichte
543 4922 596 4979 des
619 4923 670 4978 111.
697 4922 754 4978 und
770 4923 836 4978 XII.
852 4922 1079 4998 Jahrhunderts‚
1104 4935 1224 4999 praeter
1247 4921 1342 4979 libros
1358 4923 1462 4979 Moisis
1485 4923 1542 4978 alia
1566 4941 1687 4997 quoque
1712 4924 1738 4979 ei
1762 4922 1915 4981 adtribuit.

312 5050 334 5130 ⁵)
358 5052 498 5120 Scherer,
523 5051 707 5109 Geschichte
730 5052 784 5109 der
806 5053 971 5109 deutschen
995 5053 1160 5126 Dichtung;
1186 5053 1308 5109 Diemer
1333 5054 1350 5108 l.
1376 5073 1401 5109 c.

314 5178 336 5259 ὁ)
360 5183 476 5239 Melker
489 5181 664 5239 Marienlied
681 5181 728 5239 ed.
744 5183 769 5257 J.
783 5181 897 5239 Strobl.
922 5183 969 5238 Ad
985 5184 1062 5238 hunc
1079 5182 1176 5239 locum
1193 5182 1350 5239 reserenda
1375 5198 1421 5239 est
1445 5185 1533 5240 etiam
1549 5185 1707 5257 sequentia
1723 5185 1753 5239 in
1770 5183 1916 5241 honorem

184 5296 216 5351 B.
241 5296 280 5350 11.
298 5294 333 5350 V.
359 5309 486 5351 monast.
510 5296 547 5351 ad
572 5315 595 5352 s.
613 5294 807 5352 Lamberturn
831 5309 861 5351 et
884 5296 958 5363 alia;
984 5293 1114 5352 Scherer
1137 5296 1155 5352 l.
1181 5316 1206 5351 c.

313 5420 335 5501 7)
358 5424 493 5492 Heinzel‚
517 5425 659 5481 Heinrich
683 5443 743 5481 von
766 5425 856 5481 Melk.
