4222 6106
84 121 240 182 Msn.
254 121 325 179 544.
342 104 428 180 Sign.
445 106 523 171 FJ'K.
541 103 621 178 1111.
640 104 734 174 6-8,
755 107 783 160 in
801 104 897 161 tribus
915 104 987 161 fasc.

92 231 145 285 {n
186 213 258 271 fol.
274 213 338 268 sine
354 229 425 286 pag.

249 315 696 383 11.c0nc10nesd0minica1es;
719 317 788 371 item
809 315 911 389 lingua
930 316 989 370 Bo·

101 423 276 494 hemica
292 439 347 477 seu
363 418 494 477 Slavica.
515 421 592 476 Msn.
610 435 683 493 545.
705 418 790 494 Sign.
807 420 885 486 FJ'K.
906 419 943 474 11.
962 415 988 490 β.

110 540 278 612 9.--10.
296 528 325 582 in
341 524 461 582 duobus
478 524 629 581 fasciculis
647 526 711 581 sine
727 543 797 599 pag.
816 525 844 579 in
861 524 944 581 foli0.

249 630 298 687 lll.
316 630 537 699 Quaestionum¹
548 628 805 685 miscellaneamm
818 628 989 684 decisiones

117 735 332 813 regulares,
361 734 519 790 doctorum
548 735 728 789 testimoniis
761 746 791 788 et
822 730 989 788 rationibus

122 848 317 907 formatae,
338 841 367 894 in
383 840 476 894 variis
492 837 644 893 fasciculis
661 836 808 893 collectae
825 850 855 892 et
871 839 899 891 in
917 854 990 892 suos

78 958 95 997 ο
128 943 304 1006 articulos
317 942 505 1007 distributae,
519 941 652 998 fasciculi
670 942 739 997 duo.
756 942 873 997 Primus
882 943 945 1015 agit
954 940 991 996 de

134 1047 256 1110 modo
268 1046 451 1124 procedendi
469 1050 497 1103 in
514 1049 709 1123 susceptione
725 1060 754 1102 et
770 1044 992 1122 approbatione

140 1153 277 1211 novitii.
297 1151 457 1208 Secundus
469 1151 507 1208 de
519 1154 692 1226 integritate
709 1153 853 1226 temporis
866 1150 903 1206 ad
920 1169 992 1226 pro·

146 1256 302 1313 fessionis
314 1256 448 1312 valorem
466 1258 611 1331 requisiti.
628 1256 704 1312 Msn.
717 1270 790 1328 509.
808 1261 850 1327 4⁰.
868 1257 897 1311 in
910 1256 991 1331 plag.

152 1363 306 1434 sinepag.
317 1374 347 1416 et
358 1378 457 1437 comp.
472 1357 557 1434 Sign.
567 1361 644 1436 Fut.
657 1361 694 1416 ΙΙ.
706 1379 732 1417 α.
749 1376 795 1433 14,
805 1358 877 1417 bibl.
888 1360 991 1433 Raigr.

254 1478 355 1541 Prelo
372 1478 537 1540 subiecit:

251 1604 423 1682 Applausus
448 1603 532 1661 urbis
557 1606 718 1661 Brunensis
743 1603 783 1660 ob
807 1619 990 1681 reportatam

155 1707 321 1765 manifesto
341 1709 453 1765 auxilio
474 1711 543 1785 piae
563 1711 688 1783 virginis
710 1710 824 1765 Mariae
840 1710 992 1766 Thauma-

154 1815 271 1882 lurgae
287 1811 617 1879 Sancto-Thomensis‚
642 1813 782 1888 penicillo
807 1813 865 1869 divi
888 1814 992 1870 Lucae

149 1917 373 1990 evangelistae
386 1916 534 1992 depictae,
552 1916 590 1972 de
603 1918 724 1973 suecica
736 1917 884 1993 phalange
897 1920 992 1974 ricto·

142 2010 245 2084 riam,
269 2035 450 2078 occurrente
467 2022 613 2087 saeculari
631 2020 806 2078 celebritate
823 2025 852 2078 in
868 2021 992 2079 basilica

137 2110 212 2174 divi
243 2124 387 2182 'sbomae
414 2127 545 2202 apostoli
574 2125 687 2181 ordinis
714 2127 773 2182 FF.
803 2129 992 2183 eremitarum

133 2231 156 2269 S·
168 2219 357 2304 Augustini
372 2231 489 2286 Brunae
502 2230 550 2286 die
568 2245 615 2304 17.
628 2229 707 2304 Aug.
722 2245 799 2304 1745
818 2234 992 2307 panegirice

130 2323 325 2402 exhibitus,
342 2368 385 2377 —-
401 2333 487 2400 atreb,
505 2368 547 2377 —
564 2337 633 2391 item
650 2336 752 2391 titulus
770 2336 909 2393 idiomate
927 2335 993 2392 Sla-

126 2423 234 2497 vico,
266 2453 427 2496 contentus
448 2441 476 2495 in
499 2438 576 2495 libro
596 2440 759 2496 intitulato:
786 2442 920 2511 „Brt'inns
937 2442 993 2496 Be·

125 2522 311 2618 freiung.“
338 2539 548 2619 (i.e.13runae
569 2541 728 2622 liberatio).
750 2545 847 2621 Typis
865 2546 992 2613 Brunae,

123 2628 255 2703 vene.
277 2647 423 2713 Lenhart‚
449 2662 538 2722 1747.
566 2649 598 2703 In
623 2647 673 2704 fol.
699 2668 728 2724 p.
752 2649 931 2723 281-290.
959 2651 992 2706 ln

124 2750 269 2808 n‘'Str-a
284 2751 359 2810 bibl.
377 2750 433 2809 sub
450 2754 502 2809 Bn.
520 2750 613 2825 5067.

248 2900 490 2996 Pachmayr
520 2911 755 3000 Marianus
783 2911 992 2994 (Cremifa

126 3027 334 3112 nensis),
362 3029 398 3090 in
424 3029 594 3110 parochia
621 3031 801 3094 Kematen
825 3031 992 3094 Austriae

129 3148 357 3222 superioris
379 3150 436 3213 die
453 3172 503 3213 22.
521 3150 600 3215 Oct.
617 3152 700 3214 anni
720 3158 799 3232 1728
821 3164 934 3236 natuS,
957 3155 992 3217 in

129 3274 351 3338 gymnasio
368 3283 406 3336 et
420 3274 523 3356 lyceo
541 3273 797 3338 Cremifanensi
819 3278 991 3358 excultus

129 3392 415 3458 monasterium
432 3394 697 3459 Cremifanense
717 3398 913 3481 ingressus,
935 3398 992 3461 die

132 3503 190 3565 ¹3·
213 3510 317 3582 Nov.
335 3522 416 3597 ¹748
433 3539 534 3581 sacra
551 3539 588 3582 se
605 3519 827 3601 professione
841 3522 992 3584 obstrin-

127 3619 195 3685 xit
222 3649 274 3700 et
287 3640 414 3703 studiis
425 3642 637 3724 theologicis
650 3643 778 3724 partim
791 3642 991 3726 Cremifani‚

126 3754 293 3824 Partim
306 3762 506 3846 Salisburgi
518 3764 691 3827 absolutis
705 3765 763 3827 die
775 3787 801 3829 1.
811 3766 898 3828 Maii
911 3771 991 3845 1754

127 3856 374 3949 dig'nitatem
391 3887 649 3949 sacerdotalem
671 3887 832 3951 obtinuit.
857 3888 992 3952 Eodem

127 3994 326 4070 vel'‘tente
350 4027 443 4071 anno
466 4008 649 4091 professor
672 4012 889 4092 matheseoS,
917 4021 991 4074 tum

128 4099 308 4192 alteruis
331 4130 471 4193 vicibus
494 4131 743 4214 philosophiae
770 4133 991 4214 experimen·

131 4223 248 4307 talis
268 4262 302 4315 et
324 4272 417 4317 anno
446 4258 525 4332 1758
549 4254 774 4317 historiarum
796 4255 990 4337 professor3

137 4346 279 4438 missis
291 4395 383 4439 anno
401 4381 477 4456 1761
496 4377 680 4439 laboribus
693 4377 906 4440 academicis
919 4378 992 4440 ani·

144 4482 296 4560 marum
312 4518 392 4561 sese
410 4518 516 4562 curae
532 4498 673 4562 addixit
685 4511 721 4561 et
734 4499 904 4582 deinceps
918 4500 991 4562 ani-

152 4611 295 4682 mrum
318 4621 428 4684 iudex
451 4621 486 4684 in
507 4622 697 4703 Adlwang,
722 4632 933 4704 cooperator
956 4623 990 4685 in

159 4718 350 4825 Kematen,
376 4743 502 4806 iterum
525 4743 820 4825 poenitentiarius
844 4744 879 4806 in
903 4744 990 4806 Adl-

165 4866 282 4948 ΜΨ
313 4868 479 4945 1766—77
509 4865 662 4929 vicarius
688 4866 724 4929 in
755 4864 990 4948 Sipbachzell,

1074 120 1241 180 1777-79
1262 102 1439 182 parochus
1455 98 1490 161 in
1507 98 1722 182 Kirchberg,
1745 99 1898 182 denique

1069 225 1245 304 parochus
1262 223 1297 285 in
1310 219 1579 316 Weisskirchen
1595 221 1778 303 professus
1795 232 1830 285 et
1844 243 1898 284 sa-

1069 345 1195 406 cerdos
1212 344 1385 406 iubilaeus
1401 344 1460 425 pie
1473 344 1507 406 in
1519 343 1671 406 Domino
1685 345 1898 407 obdormivit

1070 465 1127 527 die
1149 486 1195 544 17.
1213 466 1286 528 Iun.
1310 470 1400 529 1805.

1156 588 1293 650 Rerum
1310 589 1555 651 historicarum
1569 588 1801 670 peritissimus
1818 610 1899 653 con-

1071 710 1214 792 scripsit
1230 711 1496 773 celeberrimum
1513 711 1655 773 librum:

1158 837 1562 911 Historico·chronologica
1587 841 1681 894 series
1705 837 1847 895 abbatum
1870 854 1900 895 et

1072 941 1283 1015 religiosorum
1302 943 1474 997 monasterii
1488 942 1722 998 cremifanensis
1739 960 1767 998 0.
1781 963 1805 998 s.
1820 939 1851 1000 Ρ.
1866 945 1898 999 Β.

1072 1060 1222 1120 quotquot
1237 1046 1357 1120 quidem
1374 1064 1390 1101 a
1408 1059 1489 1102 retro
1506 1048 1582 1102 actis
1595 1046 1673 1102 mille
1686 1049 1771 1103 annis
1784 1047 1822 1103 ab
1835 1051 1900 1104 eius

1073 1148 1245 1205 fundatione
1262 1152 1289 1204 in
1307 1150 1426 1216 tabulis
1444 1169 1508 1213 ma..
1527 1150 1674 1224 catalogis
1690 1152 1817 1226 aliisque
1835 1170 1898 1208 mo-

1072 1254 1210 1310 nimentis
1233 1257 1356 1310 inveniri
1382 1268 1553 1330 potuerunt.
1580 1255 1619 1312 IV
1635 1268 1748 1331 partes.
1775 1270 1899 1330 1777—

1077 1357 1166 1430 1782.
1182 1356 1299 1432 Styrae,
1311 1360 1390 1433 typis
1400 1357 1561 1414 Abrahami
1573 1359 1610 1415 W
1614 1361 1727 1416 immet.
1743 1367 1785 1416 2⁰.
1796 1374 1858 1433 934
1869 1380 1898 1436 p.

1159 1476 1900 1560 Praetereamanuscriptumreliquitlibel-

1072 1599 1159 1660 lum:
1182 1598 1399 1680 „Chronicon
1421 1600 1571 1661 celebris
1588 1601 1751 1662 asceterii
1768 1600 1898 1663 Cremi-

1072 1719 1262 1801 fanensis“‚
1280 1740 1442 1783 sermone
1459 1721 1571 1804 ligato
1588 1722 1637 1784 ita
1654 1724 1899 1804 compositum,

1073 1854 1111 1906 ut
1139 1842 1287 1925 singulis
1318 1843 1421 1904 lineis
1454 1845 1758 1926 chronographica
1790 1847 1900 1908 conti·

1073 1974 1231 2027 neantur.
1256 1965 1407 2047 Insuper
1419 1966 1630 2048 conscripsit
1644 1966 1831 2049 „Statuten
1844 1968 1901 2030 fiir

1074 2088 1152 2150 eine
1169 2087 1363 2149 Academie
1382 2089 1444 2149 der
1456 2088 1674 2170 Fleissigen“
1693 2090 1901 2172 (Academie

1074 2211 1137 2272 des
1151 2210 1338 2290 Assidues)
1357 2209 1391 2271 in
1408 2211 1621 2273 monasterio
1635 2211 1900 2275 Cremifanensi.

1159 2323 1264 2397 Pdlfi
1297 2340 1435 2418 (antea
1462 2337 1702 2419 Paulicsek)
1735 2339 1901 2419 Franci-

1074 2473 1169 2515 scus
1201 2453 1286 2518 Ser.
1315 2454 1566 2517 Vincentius
1604 2458 1670 2536 (de
1701 2477 1727 2518 s.
1759 2458 1900 2520 Monte

1073 2576 1340 2657 Pannoniae),
1358 2577 1392 2637 in
1410 2576 1606 2659 Sternberg
1622 2578 1701 2640 vico
1717 2579 1901 2641 Moraviae

1073 2698 1130 2760 die
1145 2703 1194 2762 20.
1208 2699 1271 2761 Iul.
1290 2703 1368 2776 1845
1386 2708 1499 2780 natus,
1517 2718 1543 2761 s.
1553 2700 1676 2762 habitu
1690 2700 1747 2763 die
1761 2706 1789 2765 8.
1800 2700 1900 2784 Sept.

1078 2824 1155 2882 1863
1180 2820 1340 2902 indutus,
1365 2830 1449 2883 vota
1473 2822 1657 2884 sollemnia
1680 2823 1737 2885 die
1762 2844 1812 2902 27.
1836 2825 1900 2888 Iul.

1077 2949 1157 3021 1869
1175 2943 1290 3007 emisit
1307 2953 1343 3006 et
1356 2945 1529 3007 absolutis
1545 2945 1580 3007 in
1597 2965 1623 3008 s.
1634 2959 1752 3009 monte
1766 2949 1901 3011 stheo-

1072 3065 1189 3148 logiae
1214 3066 1354 3147 studiis,
1379 3066 1435 3129 die
1458 3074 1508 3128 20.
1526 3068 1588 3131 Iul.
1611 3074 1691 3148 1870
1711 3072 1902 3152 presbyter
1922 3145 1932 3162 ο

1072 3189 1254 3250 ordinatus
1268 3200 1335 3261 est;
1350 3208 1394 3251 ex
1408 3209 1477 3271 quo
1491 3192 1536 3251 ad
1549 3211 1677 3252 annum
1691 3195 1770 3270 1875
1783 3189 1900 3255 officio

1072 3309 1283 3391 professoris
1303 3331 1423 3393 gymn.
1441 3310 1623 3394 Sopronii,
1649 3317 1830 3392 1875-76
1848 3313 1900 3375 bi-

1072 3432 1295 3495 bliothecarii
1306 3432 1342 3494 in
1354 3433 1500 3495 abbatia
1512 3435 1556 3495 de
1566 3434 1714 3518 Tihany,
1733 3439 1899 3514 1876—78

1072 3555 1283 3638 professoris
1293 3556 1328 3618 in
1339 3556 1442 3637 lyceo
1452 3557 1900 3620 archiabbatialiinsmon·

1073 3688 1108 3740 te
1131 3659 1357 3740 laudabiliter
1379 3677 1535 3759 functus,
1559 3680 1625 3741 hoc
1649 3699 1742 3742 anno
1768 3680 1824 3743 die
1852 3703 1899 3759 ¹4·

1072 3801 1176 3864 Mart.
1189 3801 1248 3882 pie
1265 3801 1300 3863 in
1316 3801 1468 3863 Domino
1484 3802 1707 3864 obdormivit.
1732 3801 1899 3884 Scripsit:

1159 3928 1185 3983 Α
1202 3928 1409 3984 szdnoklattan
1426 3928 1557 4003 a'tllapota
1573 3948 1590 3983 a
1608 3929 1801 3986 rtimaiaknt'tl.
1824 3928 1853 4008 (i.
1872 3950 1898 3987 e.

1072 4033 1118 4088 De
1149 4047 1214 4089 arte
1241 4033 1392 4089 rhetorica
1419 4032 1498 4108 apud
1526 4031 1701 4112 Romanos.)
1730 4035 1763 4089 In
1795 4054 1898 4110 progr.

1071 4156 1172 4211 gymn.
1189 4135 1321 4226 Sopron.
1344 4135 1468 4209 18723'3.
1487 4136 1528 4192 8⁰.
1546 4156 1576 4212 p.
1592 4151 1709 4210 3-15.

1158 4247 1424 4341 Pampichler
1454 4259 1765 4322 Maximilianus
1798 4259 1899 4340 (Sei-

1071 4377 1418 4457 tenstadiensis)‚
1446 4386 1550 4438 natus
1579 4376 1834 4441 Stockeraviae
1864 4379 1899 4440 in

1072 4499 1205 4580 oppido
1222 4499 1398 4561 inferioris
1412 4499 1580 4562 Austriae
1598 4501 1654 4562 die
1669 4505 1697 4563 5.
1707 4500 1793 4563 Maii
1807 4505 1898 4583 1743,

1071 4622 1243 4684 absolutis
1252 4621 1487 4705 Vindobonae
1497 4622 1624 4684 studiis
1634 4623 1898 4705 philosophicis,
1918 4664 1920 4668 >

1072 4744 1341 4827 congregationi
1370 4743 1667 4808 Seitenstadiensi
1694 4766 1786 4809 anno
1817 4752 1894 4826 1761

1072 4878 1126 4930 est
1143 4868 1353 4949 adscriptus,
1377 4867 1523 4951 Regula
1539 4889 1565 4931 s.
1582 4868 1622 4932 P.
1639 4869 1824 4934 Benedicti
1841 4872 1898 4933 die

1638 4986 1670 5034 42
