4252 6112
922 511 969 521 —
1026 474 1096 542 262
1145 511 1202 548 ,-

191 675 280 739 mari
306 674 569 755 susceptionem
596 671 631 736 in
657 673 910 737 monasterium
932 674 1019 737 Rai-

192 798 382 881 gradiense
404 795 545 878 accepit
565 805 602 859 et
622 799 699 858 1801
724 801 770 860 13.
786 796 877 860 Nov.
899 817 1019 864 mona-

192 921 295 984 chum
322 919 418 1002 apud
440 937 505 982 nos
527 917 658 1001 induit,
687 917 852 982 dimissus
875 919 973 1000 prius
999 939 1019 983 0

192 1042 347 1106 dioecesi
358 1040 746 1124 Reginaehradecensi.
768 1042 1018 1105 Absolutono-

191 1165 319 1228 vitiatu
340 1163 490 1228 mittitur
509 1183 602 1227 anno
623 1168 702 1242 1804
719 1163 952 1228 Litomislium
972 1165 1019 1227 ad

193 1288 431 1351 continuanda
443 1286 561 1349 studia
572 1286 829 1368 philosophica,
845 1306 937 1368 quae
949 1287 1019 1350 iam

191 1408 381 1492 Raigradii
397 1428 489 1472 anno
510 1412 588 1472 1803
611 1416 795 1490 coeperat,
816 1407 936 1491 ibique
955 1428 1021 1491 per

191 1531 372 1595 biennium
396 1540 632 1595 commoratus
655 1531 926 1615 psychologiam
949 1550 1020 1594 em-

192 1653 349 1736 piricam,
369 1653 522 1736 logicam
538 1652 783 1735 universalem,
804 1651 1019 1735 metaphysi-

110 1854 118 1871 ,
192 1796 279 1858 cam,
296 1776 459 1857 ethicam,
472 1775 658 1858 physicam
670 1784 707 1837 et
719 1774 894 1838 mathesin
906 1773 1020 1856 appli-

191 1909 307 1962 catam
328 1896 475 1980 audivit,
494 1897 661 1961 feriarum
682 1906 841 1979 tempore
868 1901 946 1960 1805
969 1901 1018 1960 28.

192 2019 270 2085 Oct.
280 2021 325 2083 ad
335 2038 473 2082 sacram
481 2018 739 2101 professionem
748 2019 924 2082 admissus
932 2039 1019 2082 una-

191 2162 270 2206 cum
287 2140 497 2205 connovitiis
509 2140 582 2202 suis
594 2138 699 2205 Gallo
712 2149 749 2204 et
760 2141 896 2205 Mauro.
912 2141 1019 2205 Anno

195 2269 275 2328 1805
292 2270 321 2327 3.
338 2264 413 2327 Ιο11.
434 2264 479 2326 ad
496 2265 700 2327 mandatum
720 2264 917 2347 praepositi
932 2265 1019 2327 Pra-

190 2406 273 2468 gam
301 2388 346 2449 ad
369 2386 620 2449 monasterium
644 2387 912 2450 Blevnoviense
939 2407 1018 2470 pro·

190 2510 306 2574 fectus
326 2509 376 2573 ibi
396 2527 461 2591 per
476 2510 663 2572 decursum
680 2511 828 2572 duorum
847 2529 1018 2591 annorum

190 2632 393 2716 theologiae
402 2630 716 2714 parteshistoriam
728 2631 1018 2714 ecclesiasticam,

190 2752 501 2836 introductionem,
525 2752 580 2817 ius
603 2753 821 2837 canonicum,
846 2754 1019 2838 dogmati·

191 2898 268 2942 cam
289 2887 326 2941 et
341 2876 641 2940 hermeneuticam
657 2895 704 2939 ex
720 2877 1018 2958 praelectionibus

190 2999 430 3083 professorum
439 3000 714 3062 Bonaventurae
722 2998 851 3062 Miiller
859 3008 883 3063 t.
891 3008 915 3063 t.
925 3000 1018 3082 prio·

190 3123 252 3204 ris,
273 3120 412 3185 Placidi
427 3122 591 3185 Benesch
613 3133 649 3184 et
669 3120 850 3186 Lamberti
866 3121 1018 3186 Linden-

190 3246 264 3308 thal
285 3244 420 3327 optimo
441 3265 520 3308 cum
540 3262 708 3307 successu
732 3244 883 3328 audivit,
907 3255 943 3308 et
970 3266 1017 3310 10.

190 3368 294 3432 Febr.
322 3372 400 3447 1807
426 3368 573 3429 obtenta
596 3367 750 3449 desuper
776 3367 919 3431 licentia
945 3369 1018 3451 epi·

191 3489 290 3572 scopi
314 3488 507 3552 Brunensis
531 3508 602 3551 una
625 3508 704 3552 cum
725 3488 748 3552 f.
771 3487 874 3552 Gallo
895 3500 931 3554 et
951 3489 1018 3575 Cy-

189 3613 266 3675 rillo
289 3611 568 3674 subdiaconatus
590 3611 713 3674 ordine
736 3612 926 3696 insignitus
952 3624 1016 3676 est.

189 3733 324 3798 Redux
345 3735 487 3796 domum
511 3737 592 3812 1809
612 3733 829 3816 theologiam
849 3736 1017 3799 moralem

191 3868 227 3920 et
242 3858 458 3939 pastoralem
471 3856 507 3919 in
519 3855 707 3919 seminario
720 3856 916 3938 episcopali
928 3858 1017 3920 Bru-

191 3998 259 4042 nae
275 3979 398 4042 didicit
413 3979 534 4060 sicque
550 3980 715 4041 absoluto
727 3980 930 4063 theologiae
943 3980 1017 4043 uni-

192 4121 316 4164 versae
333 4101 449 4164 studio
466 4107 518 4166 30.
530 4102 626 4184 Aug.
642 4102 674 4163 h.
692 4122 771 4164 ann.
788 4103 1017 4186 abepiscopo

192 4222 368 4286 Brunensi
383 4223 418 4285 in
430 4223 560 4286 sacello
574 4223 650 4286 eius
662 4224 857 4287 domestico
870 4226 1018 4308 presby-

192 4355 246 4410 ter
261 4358 316 4409 est
332 4345 524 4410 ordinatus.
548 4346 681 4428 Magna
704 4348 929 4411 sacerdotum
945 4348 1019 4411 ino·

191 4466 251 4550 pia
272 4479 417 4531 coactus
438 4468 563 4530 eodem
585 4487 677 4530 anno
704 4467 895 4550 episcopus
918 4488 1019 4551 prae·

191 4590 346 4673 positum
366 4599 523 4654 nostrum
545 4590 712 4673 precibus
727 4590 817 4674 adit,
840 4602 879 4654 ut
899 4611 1018 4673 quem-

191 4715 272 4776 dam
293 4733 435 4777 suorum
456 4712 742 4796 Schlapanicium
767 4713 802 4776 in
822 4713 1018 4777 subsidium

191 4855 297 4901 curae
318 4835 511 4899 animarum
533 4841 657 4918 mittat,
682 4836 810 4917 quibus
827 4834 1018 4900 Othmarus

191 4960 438 5024 obsecundans
459 4960 499 5023 P.
519 4958 757 5022 Venceslaum
778 4958 861 5022 illuc
884 4959 1018 5022 dimisit

194 5088 241 5149 18.
267 5081 357 5164 Oet,
381 5082 441 5164 qui
465 5082 596 5145 ibidem
620 5101 733 5163 usque
756 5084 803 5145 ad
826 5081 909 5145 anni
936 5086 1016 5160 1814

189 5204 294 5268 finem
318 5215 552 5268 commoratus
577 5214 642 5287 est,
665 5203 806 5267 insimul
828 5202 1017 5268 Socolnicii

191 5326 226 5388 in
252 5326 456 5390 nosocomio
484 5327 657 5391 castrensi
684 5326 783 5389 varie
812 5334 1017 5407 occupatus.

191 5447 306 5532 Quum
319 5470 407 5514 anno
425 5455 503 5515 1815
517 5460 660 5515 curatus
672 5447 920 5534 Syrovicensis
931 5449 1017 5511 Be'r·

1099 638 1410 749 nardus'Pivonka
1434 677 1480 738 ob
1496 674 1669 739 infirmam
1683 677 1926 741 valetudinem

1099 815 1225 859 munus
1246 796 1460 879 abdicasset,
1477 797 1700 862 Venceslaus
1721 799 1759 862 in
1783 796 1862 861 eius
1883 799 1929 862 lo·

1099 937 1178 981 cum
1194 928 1382 1000 suspectus
1399 929 1469 1001 est,
1493 919 1553 1001 qui
1574 939 1640 1002 per
1659 921 1929 1003 quatuordecim

1098 1059 1209 1103 annos
1225 1040 1260 1103 in
1277 1041 1412 1104 curatia
1427 1041 1591 1125 praefata
1612 1062 1736 1106 omnes
1751 1042 1864 1107 officii
1879 1044 1927 1107 sui
1945 1128 1949 1137 Ι

1098 1171 1220 1244 partes
1250 1163 1449 1244 adimplens
1480 1184 1647 1248 magnum
1674 1166 1744 1229 sibi
1773 1164 1928 1230 fidelium

1098 1283 1287 1365 acquisivit
1299 1304 1468 1360 amorem;
1486 1306 1599 1368 usque
1612 1288 1696 1350 dum
1713 1291 1798 1367 1829
1816 1287 1927 1367 01011.

1099 1406 1142 1468 ab
1151 1406 1348 1489 episcopali
1357 1406 1475 1471 officio
1485 1410 1531 1471 ob
1541 1428 1695 1472 errorem
1705 1409 1927 1473 commissum

1099 1538 1271 1592 avocatus
1293 1530 1330 1592 in
1354 1531 1607 1594 monasterium
1629 1530 1834 1595 remittitur.
1858 1529 1926 1596 Sed

1099 1669 1215 1732 neque
1238 1651 1338 1714 hicce
1359 1652 1419 1714 diu
1441 1663 1518 1715 erat
1539 1628 1766 1718 manendum.
1792 1672 1822 1732 7.
1843 1653 1926 1736 Apr.

1099 1771 1192 1835 enim
1227 1773 1354 1836 iterum
1385 1775 1559 1838 sarcinam
1595 1775 1741 1858 collegit
1774 1784 1812 1839 et
1840 1774 1927 1839 Neo·
1971 1796 1988 1852 ,1

1085 1893 1327 1960 ·Rausnitium
1343 1916 1382 1960 se
1399 1897 1558 1962 contulit.
1583 1897 1747 1961 Parocho
1763 1918 1854 1962 vero
1867 1898 1927 1961 ibi·

1099 2018 1180 2081 dem
1196 2018 1364 2082 defuncto
1381 2038 1490 2103 aeger
1502 2020 1619 2083 animo
1631 2020 1859 2084 Venceslaus
1871 2022 1926 2083 do·

1098 2160 1192 2203 mum
1208 2151 1343 2205 remeat
1360 2147 1407 2205 13.
1421 2143 1515 2226 Aug.
1532 2142 1646 2224 huius,
1663 2152 1701 2205 et
1719 2162 1770 2206 10.
1784 2143 1872 2207 Ι)00.
1883 2145 1925 2235 ab

1098 2261 1216 2326 officio
1247 2262 1442 2346 episcopali
1469 2265 1597 2329 iterum
1623 2264 1837 2329 Hiifleinam
1865 2283 1925 2349 pro

1097 2384 1275 2449 iuvamine
1291 2385 1326 2449 in
1343 2406 1428 2449 cura
1448 2386 1642 2450 animarum
1662 2386 1852 2451 ordinatus
1870 2406 1926 2450 no·
1969 2460 1972 2465 ,

1098 2526 1181 2569 vum
1211 2508 1391 2571 biennium
1423 2508 1508 2572 foris
1544 2509 1744 2593 transigere
1776 2510 1923 2593 cogitur.
1986 2598 1989 2603 Ι

1098 2633 1128 2693 3.
1152 2629 1256 2692 Febr.
1286 2634 1364 2692 1832
1390 2632 1534 2694 tandem
1557 2643 1749 2695 revocatus
1774 2632 1927 2715 quietem

1098 2761 1324 2834 peroptatam
1337 2751 1372 2815 in
1385 2754 1557 2816 coenobio
1570 2765 1707 2837 11001110,
1724 2755 1881 2820 sacrista
1895 2766 1928 2819 et

1097 2873 1345 2938 refectorarius
1367 2875 1590 2959 constitutus,
1611 2897 1632 2939 a
1653 2862 1807 2960 quorum
1823 2877 1928 2962 priori

1103 3002 1194 3079 1835,
1211 3018 1233 3060 a
1248 2999 1439 3080 posteriori
1453 3020 1540 3063 vero
1560 3004 1641 3079 1870
1656 3001 1849 3064 absolutus
1865 3008 1927 3065 est
1978 2998 1981 3003 ’

1098 3118 1213 3182 Hilari
1225 3121 1342 3183 animo
1355 3141 1567 3204 semperque
1580 3121 1699 3185 studio
1708 3123 1931 3206 philologiae

1099 3241 1254 3305 slavicae
1270 3262 1407 3305 necnon
1418 3242 1577 3306 musicae
1588 3253 1686 3307 totus
1698 3238 1862 3325 quantu's
1876 3245 1933 3307 de·

1098 3363 1193 3427 ditus
1210 3365 1286 3428 dies
1303 3385 1385 3428 suos
1401 3366 1447 3428 ad
1465 3367 1684 3449 decrepitam
1701 3386 1820 3450 usque
1838 3378 1934 3431 aeta-

1097 3496 1169 3549 tem
1185 3488 1423 3571 prolongavit,
1440 3499 1476 3551 et
1493 3490 1672 3552 celebrato
1693 3488 1933 3571 professionis

1097 3628 1249 3672 necnon
1270 3610 1459 3674 sacerdotii
1480 3611 1536 3673 sui
1555 3611 1710 3674 iubilaeo
1729 3623 1821 3697 post
1847 3633 1936 3677 mor·

1096 3733 1181 3795 bum
1196 3753 1266 3795 non
1282 3733 1348 3796 nisi
1365 3733 1638 3815 quatriduanum
1653 3744 1693 3796 ut
1708 3735 1836 3798 senior
1853 3756 1934 3801 con·

1068 3837 1071 3841 ⁵
1097 3866 1226 3918 ventus
1249 3856 1511 3940 nonagenarius
1532 3856 1607 3919 fere
1630 3855 1882 3938 placidissime
1902 3859 1936 3921 in

1096 3979 1249 4041 Domino
1266 3978 1480 4041 obdormivit
1497 3998 1542 4041 ex
1557 3997 1734 4041 marasmo
1752 3980 1863 4044 senili
1880 3981 1937 4044 die

1101 4107 1148 4164 13.
1166 4101 1244 4166 Oct.
1265 4105 1344 4181 1872
1361 4103 1448 4163 hora
1465 4103 1522 4183 7177
1539 4094 1652 4183 m'ane,
1674 4098 1779 4164 cuius
1801 4121 1936 4186 corpus

1097 4245 1161 4308 per
1187 4227 1355 4288 abbatem
1379 4222 1601 4287 Guntherum
1628 4223 1846 4305 sepulturae
1870 4240 1938 4290 tra·

1098 4348 1220 4411 ditum.

1186 4461 1286 4544 Opus
1312 4460 1352 4522 P.
1375 4457 1565 4522 Venceslai
1588 4458 1676 4520 Krlz
1703 4463 1805 4540 quod
1837 4463 1936 4546 typis

1097 4574 1229 4657 prodiit
1244 4573 1420 4636 titulatur:

1183 4690 1354 4766 Nejnovejli
1377 4689 1577 4747 kancionrilek
1600 4689 1648 4746 tili
1671 4690 1849 4765 zpevnicek
1877 4711 1934 4770 pro

1097 4795 1250 4853 katolicke'
1265 4795 1419 4870 klestany.
1441 4789 1470 4871 (i.
1487 4812 1514 4851 0.
1535 4794 1737 4850 Novissimum
1754 4796 1935 4853 cancionale

1097 4920 1151 4958 seu
1172 4899 1248 4957 liber
1269 4901 1452 4956 canticorum
1468 4916 1624 4955 sacrorum
1644 4895 1683 4953 ad
1700 4916 1789 4956 usum
1806 4901 1935 4959 catholi-

1097 5001 1222 5083 corum.)
1246 5004 1373 5070 Brunae,
1398 5005 1477 5078 typis
1498 5001 1606 5059 viduae
1628 5000 1783 5078 Rudolphi
1799 5003 1932 5063 Rohrer.

1102 5108 1192 5182 1843.
1210 5107 1252 5166 80.
1270 5128 1300 5184 p.
1318 5119 1422 5164 10001
1440 5121 1487 5185 12,
1503 5109 1533 5162 in
1548 5118 1652 5163 nostra
1668 5094 1864 5167 bibliotheca
1878 5106 1934 5167 sub

1097 5215 1168 5271 Bnr.
1190 5229 1303 5288 17194.

1184 5327 1934 5397 SermonemnativumbohemicumP.Ven·

1097 5446 1237 5510 ceslaus
1262 5454 1384 5508 noster
1410 5442 1620 5525 praeprimis
1647 5444 1808 5527 colebat,
1834 5445 1930 5528 quod
