4252 6112
902 504 944 512 -
991 465 1129 530 CXVII
1176 505 1215 514 -—

193 709 227 758 et
251 715 298 757 ex
323 705 426 777 parte
449 694 685 777 perfecerunt.
717 695 772 757 Ex
789 694 988 757 Armenicis
1013 694 1164 774 denique
1189 695 1371 757 sodalibus
1386 695 1622 757 Hunanianus
1639 693 1771 757 Paulus
1794 713 1924 776 magna

191 836 359 899 historiae
383 835 586 917 cognitione
609 834 750 897 eminet.

320 975 456 1057 Neque,
474 993 564 1056 quae
581 973 789 1056 disciplinae
803 995 882 1037 cum
899 974 1046 1037 historia
1058 977 1249 1037 cohaerent
1264 975 1310 1036 ad
1327 985 1439 1036 artem
1452 973 1740 1055 geographicam,
1758 973 1923 1034 archaeo-

192 1116 354 1198 logicam,
379 1114 612 1196 geologicam,
636 1113 917 1176 numismaticam
940 1125 1156 1197 spectantes,
1181 1134 1202 1176 a
1219 1113 1461 1177 Benedictinis
1478 1113 1617 1175 alienae
1634 1123 1743 1175 erant.
1777 1109 1921 1174 Summa

192 1255 296 1317 laude
327 1254 436 1335 digna
468 1265 567 1334 sunt,
602 1273 693 1335 quae
728 1254 945 1335 scripserunt
979 1254 1152 1334 Iosephus
1183 1254 1433 1335 Schaukoegel
1464 1251 1772 1315 Seitenstettensis
1803 1268 1921 1331 opere,

193 1392 286 1474 quod
312 1412 419 1474 ,ager
441 1391 700 1472 Billunganus“‘
721 1391 938 1464 inscribitur;
962 1392 1148 1454 Florianus
1172 1391 1344 1453 Wimmer
1367 1389 1656 1461 Cremifanensis;
1690 1387 1923 1453 Carlmannus

194 1532 275 1594 Flor
302 1529 573 1611 Sanpaulensis;
603 1530 839 1593 numismatici
863 1530 1048 1593 Florianus
1075 1531 1212 1593 Romer
1242 1532 1286 1592 de
1317 1529 1439 1592 Monte
1470 1529 1694 1599 Pannoniae;
1727 1528 1924 1591 Norbertus

193 1670 355 1733 Dechant
380 1666 571 1732 Scotensis.

322 1807 425 1870 Nova
448 1808 594 1887 ratione,
620 1826 689 1888 qua
713 1807 893 1888 theologia
917 1817 953 1869 et
975 1807 1122 1870 historia
1146 1809 1405 1888 tractabantur,
1430 1807 1549 1869 studia
1570 1807 1770 1888 linguarum
1793 1824 1923 1887 magno

192 1966 301 2028 opere
333 1958 436 2009 aucta
468 1946 654 2029 magisque
678 1949 784 2029 quam
814 1956 919 2009 antea
950 1946 1045 2008 culta
1076 1955 1165 2007 sunt.
1212 1945 1391 2008 Praeclari
1423 1956 1505 2008 sunt
1536 1944 1687 2007 Czuczor
1718 1941 1924 2025 Gregorius,

193 2083 359 2147 Guzmics
375 2084 542 2164 Isidorus,
555 2084 721 2167 Foitenyi
734 2083 934 2165 Cassianus,
952 2084 1165 2146 Bertholdus
1181 2083 1312 2146 Habak
1328 2105 1348 2144 e
1363 2083 1487 2146 Monte
1503 2083 1717 2161 Pannoniae,
1738 2081 1796 2162 qui
1812 2081 1925 2143 Hora-

191 2225 279 2288 tium
296 2236 334 2286 et
349 2223 522 2304 Tacitum,
538 2223 731 2285 Homerum
749 2235 784 2286 et
801 2221 1014 2304 Sophoclem
1030 2224 1065 2285 in
1082 2224 1238 2305 linguam
1255 2223 1496 2305 Hungaricam
1521 2232 1781 2302 converterunt,
1805 2240 1925 2282 eorum

193 2365 323 2428 fratres
346 2364 498 2427 Iacobus
521 2363 550 2424 F
553 2383 712 2445 erenczy,
737 2363 888 2425 Alexius
914 2362 1060 2445 (iulgaS,
1084 2363 1156 2425 Leo
1172 2365 1331 2444 Kuncze,
1356 2363 1415 2444 qui
1439 2362 1581 2443 scriptis
1605 2363 1650 2423 ad
1673 2372 1784 2423 artem
1808 2379 1924 2442 gram-

191 2504 359 2567 maticam
382 2514 419 2564 et
440 2501 623 2565 historiam
651 2502 846 2564 litterarum
876 2502 1122 2585 spectantibus
1146 2521 1273 2565 nomen
1297 2503 1364 2564 sibi
1388 2502 1565 2574 fecerunt;
1589 2502 1723 2563 Paulus
1746 2498 1924 2563 Hofmann

192 2641 386 2719 Scotensis,
404 2641 464 2721 qui
481 2639 606 2704 studiis
621 2640 765 2722 linguae
782 2639 1020 2704 Sanscriticae
1036 2640 1225 2721 praestitit,
1242 2641 1314 2702 Leo
1331 2641 1551 2703 Peternader
1570 2651 1607 2703 et
1622 2640 1776 2702 Mathias
1793 2639 1926 2701 Hoefer

192 2779 488 2860 Cremifanenses,
513 2797 661 2859 quorum
677 2778 773 2858 prior
796 2779 938 2861 linguae
963 2777 1134 2869 Graecae,
1158 2780 1334 2861 posterior
1358 2778 1591 2841 Germanicae
1615 2779 1758 2841 studuit.
1793 2778 1926 2860 Magna

193 2919 300 2983 etiam
326 2918 507 2981 Armenici
530 2918 664 2980 ordinis
687 2919 828 2980 sodales
853 2917 1055 2998 effecerunt,
1080 2928 1116 2981 et
1140 2938 1232 3000 quae
1256 2919 1474 3000 scripserunt
1496 2918 1722 3000 Agdinianus
1743 2918 1926 2996 Arsenius.

191 3056 434 3138 Casparianus
446 3056 572 3138 Minae,
583 3055 838 3119 Caterdschian
848 3056 1031 3137 Iosephus
1041 3055 1299 3119 Caracaschian
1310 3056 1475 3137 MathiaS,
1486 3056 1621 3138 Bosagi
1633 3057 1794 3136 Iacobus,
1804 3056 1927 3118 Deuri-

192 3197 317 3261 schian
334 3196 554 3277 Seraphinus
575 3196 609 3259 in
634 3195 787 3276 optimis,
812 3215 903 3276 quae
920 3195 1118 3276 composita
1133 3204 1215 3257 sunt
1231 3195 1265 3256 in
1282 3195 1405 3277 lingua
1421 3194 1622 3276 Armenica,
1646 3197 1811 3276 ponenda
1835 3206 1925 3256 sunt.

323 3335 376 3397 Ea
399 3345 518 3397 aetate
543 3345 578 3396 et
601 3335 793 3416 praecipue
817 3333 947 3396 nostris
971 3334 1190 3415 temporibus
1215 3333 1403 3416 disciplina
1429 3333 1680 3396 mathematica
1704 3345 1740 3394 et
1767 3333 1926 3396 doctrina

192 3474 382 3553 naturalis,
418 3474 591 3534 liberatae
621 3493 642 3534 a
672 3473 773 3554 gravi
805 3471 1039 3535 scholasticae
1069 3472 1317 3553 philosophiae
1347 3473 1399 3554 vi,
1436 3474 1479 3535 de
1513 3473 1653 3555 integro
1688 3469 1926 3534 effloruerunt.

192 3612 387 3675 Plurimum
411 3631 496 3673 vero
520 3612 661 3673 sodales
685 3610 968 3674 Cremifanenses
992 3611 1173 3674 consecuti
1197 3622 1295 3692 sunt,
1330 3632 1419 3693 quos
1449 3611 1517 3674 iam
1545 3613 1689 3675 ineunte
1719 3612 1784 3674 hac
1808 3622 1926 3673 aetate

193 3753 262 3816 arti
285 3754 457 3835 physicae
481 3770 625 3832 operam
649 3752 791 3813 dedisse
815 3753 972 3815 themata
988 3753 1150 3814 conlecta
1167 3753 1188 3832 Ι)
1213 3753 1467 3830 demonstrant,
1491 3771 1583 3831 quae
1607 3752 1652 3813 ad
1668 3760 1825 3812 nostram
1847 3768 1925 3830 per-

192 3901 369 3955 venerunt
384 3890 597 3953 memoriam.
628 3890 683 3953 Ibi
707 3893 751 3953 de
774 3891 989 3954 astronomia
1006 3891 1239 3972 scripserunt:
1264 3890 1431 3953 Placidus
1447 3889 1677 3969 Fixlmillner,
1702 3891 1795 3952 idem
1812 3890 1927 3951 clarus

195 4031 390 4111 canonista,
415 4030 577 4111 quicum
601 4029 804 4093 clarissimis
828 4031 862 4091 in
887 4031 1010 4092 eodem
1035 4049 1166 4112 genere
1190 4031 1416 4093 versantibus
1438 4029 1538 4109 viriS,
1567 4028 1810 4091 Maximiliano
1834 4028 1926 4101 Hell,

195 4182 399 4233 astronomo
423 4188 515 4231 caes.
540 4189 613 4251 reg.
638 4169 740 4231 aulae
756 4169 790 4230 V
792 4168 1053 4250 indobonensis,
1077 4170 1211 4231 loanne
1227 4168 1409 4231 Bernoulli
1432 4169 1579 4250 eiusque
1603 4187 1809 4230 successore
1824 4167 1926 4229 Bode

197 4309 298 4391 regio
322 4318 525 4370 astronomo
549 4307 781 4389 Berolinensi,
806 4309 850 4369 de
866 4308 900 4368 la
916 4308 1037 4370 Lande
1061 4328 1135 4390 reg.
1155 4317 1285 4371 astron.
1302 4307 1505 4387 Parisiensi,
1529 4306 1607 4369 aliis
1631 4327 1696 4369 usu
1720 4307 1928 4369 coniunctus

195 4448 264 4510 fuit
297 4461 334 4508 et
368 4465 493 4528 opere:
528 4447 601 4527 ,De
637 4446 765 4510 effectu
800 4446 1051 4525 aberrationis,
1083 4446 1165 4507 dum
1200 4448 1345 4526 planeta
1381 4445 1525 4508 inferior
1556 4458 1638 4509 ante
1670 4447 1806 4509 discum
1835 4445 1927 4509 Solis

195 4585 386 4649 visibiliter
409 4584 569 4648 transiit“
593 4584 672 4647 aliis
695 4585 891 4648 rationibus
915 4588 960 4648 de
983 4586 1182 4668 planetaria
1205 4586 1345 4648 luminis
1368 4587 1592 4649 aberratione
1620 4587 1713 4648 idem
1742 4604 1927 4668 argumen-

196 4737 295 4791 tatus
326 4736 392 4803 est,
425 4725 519 4804 quod
551 4725 764 4787 clarissimus
788 4724 887 4788 Gaus
911 4726 945 4787 in
969 4725 1075 4788 libro:
1110 4724 1282 4806 „Theoria
1312 4736 1429 4788 motus
1460 4748 1491 4788 n.
1518 4727 1576 4804 71“
1609 4735 1681 4786 tam
1713 4737 1837 4804 aperte
1868 4724 1927 4783 de·

195 4864 329 4935 finivit;
364 4863 580 4926 Thaddaeus
614 4862 824 4945 Derliinger,
860 4863 1067 4926 Bonifacius
1098 4863 1480 4943 Schwarzenbrunner,
1516 4863 1575 4944 qui
1610 4863 1716 4926 etiam
1750 4861 1786 4923 in
1820 4862 1927 4923 rebus

330 5083 351 5162 ¹)
375 5083 539 5140 Fellocker
562 5083 581 5140 l.
598 5103 624 5140 e.
649 5084 681 5139 ln
705 5087 861 5158 gymnasio
879 5083 1093 5141 Cremisanensi
1118 5088 1278 5158 quotannis
1303 5085 1462 5141 sollemnes
1486 5083 1705 5160 disputationes
1728 5081 1868 5158 publicae
1891 5083 1928 5138 de

197 5198 365 5272 theologia,
383 5200 457 5263 iure,
481 5196 673 5273 philosophia
695 5196 866 5253 celebratae
882 5211 960 5263 sunt,
984 5197 1020 5252 ad
1038 5215 1113 5271 quas
1130 5196 1344 5272 chalcographi
1362 5213 1485 5270 magnas
1501 5197 1647 5269 imagines
1663 5195 1808 5251 historiae
1825 5215 1929 5252 sacrae

196 5330 249 5369 res
264 5313 463 5387 gravissimas
479 5322 743 5385 repraesentantes
759 5309 992 5385 praeparabant,
1017 5307 1125 5383 quibus
1141 5308 1217 5365 inira
1233 5312 1353 5365 nomina
1368 5305 1529 5384 praesidis,
1554 5307 1751 5373 defendentis,
1768 5308 1929 5365 thematum

197 5427 281 5501 typis
304 5421 562 5480 adscribebantur.
