4252 6112
920 439 1144 502 „111-

294 646 433 749 Denuo
464 669 657 751 consilium
690 684 819 754 harum
855 683 1060 755 litterarum
1093 684 1274 756 historiae
1308 686 1607 761 conscribendae
1641 705 1794 785 captum
1829 706 1899 778 est,

164 881 248 928 cum
278 855 376 927 lesta
404 854 615 927 saecularia
642 855 896 929 natalitiorum
924 882 953 928 s
974 857 1108 943 Patris,
1139 858 1346 931 conditoris
1374 860 1514 933 ordinis
1543 886 1642 934 anno
1677 867 1775 935 1880
1802 865 1900 936 cele-

167 1032 313 1102 branda
341 1028 705 1123 adpropinquarent.

295 1205 359 1305 Ad
384 1203 492 1275 'haec
526 1201 621 1274 enim
658 1203 855 1275 sollemnia
883 1203 998 1299 digne
1027 1206 1181 1299 agenda
1218 1205 1358 1298 primus
1398 1206 1559 1278 omnium
1587 1209 1684 1280 Rev,
1712 1211 1762 1281 D.
1792 1210 1901 1282 Boni-

168 1379 286 1453 sacius
305 1376 497 1462 Wimmer,
528 1376 839 1473 congregationis
858 1376 1345 1451 Americano-Cassinensis
1363 1404 1522 1475 praeses
1541 1395 1750 1476 perpetuus
1769 1383 1902 1456 litteris

166 1554 217 1624 ad
245 1576 376 1624 omnes
404 1549 514 1622 huius
543 1547 683 1622 ordinis
712 1552 876 1622 abbates
915 1565 954 1622 et
988 1552 1231 1645 praepositos
1264 1551 1363 1624 datis
1397 1553 1622 1626 invitaverat
1650 1570 1799 1628 etcum
1829 1557 1902 1630 alia

167 1729 217 1800 ad
245 1724 479 1797 sollemnium
515 1727 633 1796 decus
671 1726 889 1819 augendum
925 1739 1015 1818 apta
1053 1738 1130 1795 tum
1166 1726 1241 1797 hoc
1278 1740 1553 1820 proposuerat,
1591 1741 1633 1799 ut
1669 1728 1903 1802 Benedictini

166 1899 298 1972 litteris
326 1923 482 1992 quoque
510 1899 644 1969 laudes
673 1922 722 1968 ss
752 1897 875 1969 Patris
908 1898 1104 1970 celebrare
1138 1897 1355 1993 ordinisque
1390 1898 1582 1971 historiam
1610 1900 1808 1975 inlustrare
1837 1907 1902 1976 ad-

166 2076 431 2171 grederentur.
471 2070 585 2162 Quod
606 2071 799 2142 consilium
819 2097 902 2144 cum
922 2071 1179 2166 compluribus
1199 2071 1414 2159 abbatibus,
1435 2073 1499 2167 qui
1524 2054 1619 2163 1876
1640 2075 1902 2172 Salisburgum

167 2262 436 2331 convenerant,
467 2261 508 2316 ut
526 2247 623 2316 Rev,
643 2248 692 2316 D.
713 2244 862 2317 Alberti
881 2246 984 2317 Eder
1004 2269 1039 2316 0.
1061 2270 1091 2317 s.
1112 2246 1152 2316 B.
1175 2244 1476 2341 Salisburgensis
1497 2248 1607 2320 electi
1628 2249 1903 2345 archiepiscopi

167 2420 337 2494 sollemni
362 2419 587 2491 interessent
607 2417 895 2503 consecrationi,
925 2420 1164 2512 probaretur,
1193 2419 1266 2491 hoc
1291 2444 1445 2514 quoque
1465 2422 1515 2493 ab
1534 2421 1666 2493 iisdem
1696 2423 1903 2517 expetitum

167 2608 238 2678 est,
269 2608 309 2665 ut
337 2594 491 2664 sodales
518 2591 627 2663 huius
656 2592 796 2664 ordinis
825 2595 875 2664 ad
895 2592 1159 2688 Ziegelbaueri
1180 2618 1277 2688 opus
1296 2598 1602 2689 persequendum
1623 2599 1902 2692 complendum-

168 2792 243 2860 que
272 2765 397 2837 studia
425 2789 495 2836 sua
522 2766 752 2858 laboresque
781 2764 1007 2838 conferrent.

299 2940 441 3010 Verum
470 2954 595 3010 tamen
623 2938 731 3010 huius
761 2938 814 3009 rei
843 2938 1085 3011 difficultates
1114 2964 1253 3036 magno
1274 2964 1393 3034 opere
1413 2943 1656 3036 augebantur
1683 2958 1901 3037 propterea,

167 3117 272 3209 quod
301 3127 430 3185 nostra
455 3111 635 3184 memoria
655 3111 918 3206 religiosorum
940 3112 1111 3183 ordinum
1132 3113 1298 3199 sodales,
1328 3138 1411 3185 cum
1431 3113 1654 3207 praesertim
1675 3114 1904 3187 monasteria

167 3288 248 3360 lere
277 3286 401 3358 omnia
428 3286 661 3356 alumnorum
689 3283 846 3379 penuria
874 3299 1102 3379 premantur,
1132 3285 1167 3355 in
1196 3310 1286 3357 cura
1315 3285 1518 3357 animarum
1548 3301 1586 3359 et
1615 3288 1902 3360 adolescentum

168 3461 379 3536 eruditione
407 3461 458 3532 ita
486 3473 572 3530 sunt
600 3457 788 3553 occupati,
819 3472 860 3529 ut
884 3483 971 3530 raro
992 3458 1075 3551 quis
1094 3458 1314 3545 inveniatur,
1344 3457 1403 3530 cui
1423 3462 1473 3531 ad
1493 3459 1612 3532 maius
1631 3459 1786 3554 aliquod
1806 3486 1903 3556 opus

168 3635 447 3730 suscipiendum
476 3632 576 3703 vires
606 3645 644 3705 et
672 3631 834 3726 spatium
863 3634 1078 3727 subpetant.
1121 3631 1368 3704 Nihilominus
1388 3649 1525 3719 tamen,
1546 3658 1676 3707 amore
1697 3634 1838 3706 ordinis
1857 3659 1902 3706 ac

168 3835 217 3882 ss.
239 3808 361 3881 Patris
389 3808 446 3878 sui
474 3806 638 3890 honoris,
669 3804 732 3898 qui
760 3803 795 3875 in
824 3804 983 3900 gloriam
1003 3804 1076 3875 Dei
1107 3806 1231 3890 cedat,
1262 3805 1429 3900 augendi
1449 3806 1575 3878 studio
1597 3806 1699 3878 ducti
1717 3807 1790 3879 hoc
1809 3832 1902 3901 quo-

167 4009 243 4078 que
272 3983 537 4054 contexendae
565 3980 774 4051 litterarum
800 3978 979 4050 historiae
1012 3977 1206 4050 consilium
1241 4004 1311 4073 pro
1345 3978 1436 4050 virili
1472 3994 1583 4075 parte
1617 3983 1902 4073 exsequendum

168 4159 304 4231 fratres
319 4155 549 4229 Benedictini
570 4169 831 4250 susceperunt,
853 4168 891 4224 et
907 4153 1015 4224 huius
1035 4152 1230 4224 moliminis
1249 4153 1396 4225 ratione
1415 4153 1451 4224 in
1467 4151 1744 4225 commentariis
1765 4152 1903 4224 diurnis

168 4328 540 4413 Vindobonensibus
571 4331 675 4422 quod
698 4330 802 4417 „Das
818 4327 851 4396 V
855 4328 1048 4398 aterland“
1081 4325 1302 4410 inscribitur,
1332 4351 1461 4398 mense
1484 4327 1665 4423 Augusto
1692 4329 1787 4413 1878
1816 4348 1902 4419 pro-

167 4503 294 4600 posita
323 4505 373 4574 ad
392 4503 497 4573 hanc
526 4526 603 4572 rem
632 4500 918 4573 deliberandam
948 4501 1162 4595 complures
1191 4526 1321 4572 eorum
1351 4524 1480 4571 mense
1500 4498 1705 4571 Decembri
1733 4497 1901 4570 eiusdem

168 4675 253 4748 anni
273 4676 542 4747 Vindobonam
571 4688 840 4760 convenerunt.
885 4674 1055 4764 Quorum
1084 4676 1240 4745 decreta
1268 4699 1352 4745 cum
1382 4672 1556 4746 omnibus
1583 4672 1787 4745 abbatibus
1815 4694 1901 4764 pro-

168 4853 261 4922 bata
290 4863 429 4934 essent,
460 4848 657 4919 multorum
685 4847 818 4917 labore
847 4845 1051 4938 studioque
1071 4846 1191 4917 hocce
1211 4871 1308 4941 opus
1329 4860 1525 4917 exaratum
1546 4861 1614 4929 est,
1644 4868 1719 4937 quo
1740 4843 1902 4915 omnium

168 5021 353 5095 sodalium
383 5023 475 5093 lines
504 5019 973 5115 Austriaco·Hungaricos
1001 5019 1252 5104 incolentium,
1282 5019 1344 5113 qui
1374 4976 1428 5091 ab¹
1447 5043 1546 5089 anno
1573 5039 1670 5110 1750
1697 5016 1902 5089 litterarum

168 5198 398 5291 reliquerunt
427 5210 677 5279 monumenta,
699 5192 860 5267 vitarum
880 5195 1085 5290 descriptio
1115 5219 1349 5290 operumque
1379 5208 1418 5265 et
1445 5192 1713 5285 impressorum
1735 5207 1772 5263 et
1792 5214 1903 5261 manu

166 5371 391 5464 scriptorum
420 5367 650 5441 enumeratio
681 5368 910 5444 continetur.
953 5369 1025 5440 His
1053 5368 1262 5462 praemissa
1282 5383 1340 5439 est
1359 5369 1408 5439 de
1429 5365 1569 5440 ordinis
1588 5364 1623 5435 in
1643 5364 1776 5439 iisdem
1796 5362 1907 5435 terris

1666 5486 1698 5532 a}
