4222 6106
885 486 928 495 —
972 448 1129 511 LXVIII
1173 484 1217 494 —

187 677 268 739 anni
293 675 496 739 scholastici
521 675 737 739 sollemniter
761 676 1024 738 celebrabatur.
1070 673 1235 737 Praemio
1251 693 1321 736 non
1338 672 1405 734 nisi
1421 672 1605 754 medaliae,
1630 682 1703 735 tres
1718 674 1755 735 in
1770 672 1927 756 singulis

188 814 371 897 classibus,
397 816 583 878 dabantur.

317 953 390 1019 Sed
414 974 570 1035 campus,
595 955 629 1017 in
654 972 723 1035 quo
740 952 1053 1016 Benedictinorum
1077 952 1164 1014 ordo
1190 950 1375 1013 erudiendi
1399 962 1435 1014 et
1459 951 1609 1014 docendi
1633 951 1806 1013 industria
1830 970 1924 1014 sum·

188 1113 280 1155 mam
303 1095 443 1156 laudem
468 1103 661 1174 meruerat,
687 1092 847 1175 angustis
871 1091 1001 1155 finibus
1024 1091 1313 1172 circumscriptus
1338 1101 1394 1154 est
1416 1110 1509 1153 anno
1538 1094 1633 1173 1778,
1664 1109 1734 1173 quo
1765 1091 1923 1154 edictum

187 1241 252 1313 est,
276 1253 319 1295 ne
342 1232 378 1295 in
401 1233 634 1313 monasteriis,
658 1231 725 1294 nisi
749 1232 877 1313 quibus
902 1250 1110 1293 concessum
1133 1240 1230 1293 esset
1256 1230 1386 1293 iustum
1409 1228 1634 1313 gymnasium
1663 1229 1921 1314 (71111ῐηί10105ιι

187 1369 443 1453 Gymnasium),
467 1381 506 1434 ut
528 1371 743 1434 monasterio
767 1370 1034 1451 Cremifanensi,
1058 1369 1270 1452 Meranensi,
1295 1332 1565 1451 Braunauiensi,
1589 1371 1635 1432 ad
1651 1369 1810 1452 linguam
1826 1368 1922 1432 Lati·

187 1529 268 1572 nam
296 1510 501 1573 discendam
536 1508 806 1573 admitterentur
835 1510 936 1591 pueri
967 1509 1034 1571 nisi
1065 1509 1125 1590 qui
1157 1518 1281 1571 cantus
1314 1528 1422 1571 causa
1454 1508 1719 1591 susciperentur
1742 1507 1920 1593 („Singer·

186 1649 378 1730 knaben“):
410 1649 613 1732 gymnasia,
645 1669 737 1730 quae
766 1669 936 1712 concessa
960 1659 1097 1731 essent,
1130 1650 1175 1711 ad
1207 1650 1353 1711 decreta
1384 1647 1612 1730 imperatoria
1642 1646 1922 1712 instituerentur.

187 1788 261 1850 Nec
286 1788 408 1870 solum,
433 1808 524 1869 quae
548 1806 605 1850 res
630 1807 699 1869 qua
721 1787 858 1850 ratione
883 1788 1108 1868 docerentur,
1133 1787 1394 1868 praescriptum
1418 1795 1486 1867 est,
1515 1788 1578 1848 sed
1603 1787 1727 1865 etiam,
1760 1806 1853 1868 quae
1874 1787 1922 1849 ad

187 1946 303 1990 mores
339 1935 446 2008 atque
481 1926 703 2008 disciplinam
738 1928 971 2008 spectabant,
1008 1925 1161 1988 decretis
1198 1924 1436 2007 imperatoriis
1471 1926 1665 1988 constituta
1696 1935 1787 1989 sunt.
1834 1924 1921 1988 Cum

186 2065 384 2146 antiquitus
408 2067 559 2127 abbates
582 2064 617 2126 in
641 2064 713 2127 suis
737 2064 960 2127 monasteriis
984 2067 1092 2127 rebus
1117 2065 1339 2127 scholasticis
1363 2065 1626 2146 praesiderent,
1658 2085 1750 2128 anno
1782 2068 1865 2143 1780
1890 2064 1923 2127 is

186 2206 298 2266 honor
321 2204 512 2266 abbatibus
535 2205 699 2266 ademtus
719 2214 827 2284 atque
851 2203 894 2265 iis
918 2204 1057 2266 delatus
1081 2213 1145 2285 est,
1171 2202 1232 2284 qui
1255 2202 1383 2284 cuique
1406 2203 1543 2285 regioni
1567 2213 1767 2286 praeerant,
1792 2203 1828 2265 in
1851 2222 1921 2284 qua

188 2345 355 2425 quodque
378 2341 629 2405 monasterium
653 2341 758 2405 situm
783 2353 868 2405 erat.
915 2341 1008 2423 Quin
1038 2343 1143 2404 etiam
1173 2341 1306 2405 factum
1337 2355 1410 2423 est,
1443 2353 1481 2407 ut
1510 2362 1529 2404 e
1559 2343 1771 2424 quibusdam
1802 2362 1923 2405 mona·

188 2483 305 2546 steriis
328 2483 470 2546 scholae
493 2482 815 2545 transmitterentur
838 2481 873 2543 in
897 2481 1032 2562 oppida
1055 2481 1172 2544 vicina
1201 2491 1237 2544 et
1267 2481 1397 2544 civium
1430 2501 1574 2545 numero
1601 2481 1855 2563 frequentiora,
1883 2490 1923 2543 ut

188 2622 310 2684 schola
333 2620 557 2702 MellicensiS,
581 2639 673 2702 quae
697 2639 789 2684 anno
817 2625 893 2699 1781
921 2620 956 2683 in
979 2620 1203 2703 gymnasium
1227 2630 1364 2683 mutata
1381 2632 1445 2702 est,
1470 2622 1505 2684 in
1520 2621 1678 2704 regionis
1695 2630 1805 2703 caput
1821 2619 1922 2685 Sam·

189 2761 385 2842 politanum
401 2762 434 2842 ¹),
459 2760 580 2823 schola
603 2759 869 2839 Admontensis,
903 2779 994 2840 quae
1029 2778 1106 2838 1777
1139 2759 1174 2820 in
1205 2761 1429 2843 gymnasium
1462 2769 1598 2823 mutata
1628 2770 1702 2840 est,
1732 2759 1924 2822 Liubinam

188 2900 361 2963 translata
385 2909 440 2962 est
464 2900 573 2981 (1786)
589 2900 623 2980 2).

319 3038 378 3101 Ad
402 3057 463 3101 eas
486 3057 543 3100 res
567 3057 645 3100 cum
669 3038 754 3100 illud
777 3038 975 3118 accederet,
1000 3048 1038 3100 ut
1061 3038 1277 3101 monasteria
1301 3059 1407 3120 quam
1430 3040 1581 3120 plurima
1602 3049 1923 3122 exaugurarentur,

188 3176 267 3239 finis
301 3178 496 3239 advenerat
530 3188 690 3240 veterum
727 3177 925 3239 scholarum
960 3176 1270 3240 monasterialium.
1322 3178 1362 3240 In
1394 3179 1518 3260 paucis
1554 3178 1779 3241 monasteriis
1787 3227 1796 3259 ,
1830 3198 1922 3260 quae

188 3317 312 3379 relicta
336 3328 445 3398 erant,
470 3318 612 3379 scholae
636 3319 828 3379 manebant
851 3336 976 3398 parum
1000 3315 1256 3398 frequentatae,
1282 3336 1360 3379 cum
1385 3316 1588 3380 testimonia
1613 3337 1734 3380 earum
1757 3327 1923 3380 carerent

189 3456 333 3536 publica
367 3455 589 3518 auctoritate.
634 3453 770 3517 Versus
805 3464 860 3517 est
895 3456 1038 3517 tandem
1073 3455 1130 3516 110
1166 3474 1280 3517 101010
1316 3465 1431 3519 status
1465 3456 1779 3519 Benedictinorum
1814 3457 1923 3519 rebus

188 3593 439 3676 iniquissimus,
464 3614 510 3655 ex
534 3613 604 3675 quo
628 3593 839 3656 Franciscus
863 3593 889 3656 Ι.
913 3602 1063 3656 nanctus
1088 3604 1142 3656 est
1166 3614 1338 3656 summum
1363 3594 1558 3676 imperium,
1583 3594 1643 3675 qui
1666 3602 1791 3657 contra
1816 3614 1922 3676 quam

187 3731 322 3794 fecerat
356 3742 503 3815 patruus
537 3731 710 3813 Iosephus
742 3732 784 3794 II.
820 3732 997 3814 religiosis
1033 3732 1283 3795 sodalitatibus
1316 3752 1401 3815 prae
1433 3733 1562 3797 ceteris
1593 3733 1744 3796 docendi
1775 3752 1924 3796 munera

187 3871 222 3932 in
246 3870 441 3952 gymnasiis
465 3869 639 3933 commisit
663 3879 698 3933 et
721 3889 792 3932 non
816 3870 928 3931 solum
953 3870 1139 3950 concessit,
1164 3881 1202 3933 ut
1225 3871 1260 3933 in
1284 3870 1327 3932 iis
1350 3872 1585 3952 monasteriis,
1610 3891 1701 3952 quae
1718 3875 1925 3953 manebant,

187 4008 327 4088 privata
350 4009 537 4090 gymnasia
560 4009 804 4089 conderentur,
829 4019 936 4088 atque
960 4028 1012 4089 ea,
1038 4028 1128 4089 quae
1153 4019 1226 4071 tum
1251 4019 1362 4089 erant,
1388 4011 1599 4074 auctoritate
1621 4029 1686 4072 sua
1709 4008 1923 4093 interposita

188 4147 430 4228 conservavit,
462 4147 525 4209 sed
549 4146 654 4210 etiam
679 4146 722 4208 iis
746 4146 968 4208 monasteriis
977 4196 985 4227 ,
1017 4167 1108 4228 quae
1139 4151 1185 4210 ab
1216 4148 1295 4230 ipso
1328 4149 1495 4212 restituta
1526 4160 1625 4228 sunt,
1657 4168 1735 4211 eam
1766 4150 1924 4213 maxime

188 4286 315 4348 statuit
337 4286 464 4368 legem,
488 4297 526 4349 ut
550 4285 669 4366 pueris
694 4285 896 4348 erudiendis
920 4304 1064 4366 operam
1089 4287 1224 4350 darent.

316 4425 430 4487 Tanto
455 4424 577 4487 favore
601 4425 778 4487 sublevati
802 4424 1044 4505 Benedictini,
1070 4445 1281 4507 quamquam
1306 4427 1493 4509 Napoleon
1516 4428 1542 4490 1.
1572 4439 1732 4491 extremo
1755 4429 1923 4509 proximo

187 4565 330 4626 saeculo
354 4575 462 4644 atque
486 4565 553 4627 hoc
577 4562 720 4626 ineunte
744 4573 858 4626 terras
882 4563 1093 4627 Austriacas
1116 4565 1254 4628 infestis
1278 4566 1384 4628 armis
1409 4566 1641 4648 devastabat,
1674 4577 1796 4630 tamen
1825 4567 1921 4630 omni

183 4704 310 4767 virium
340 4702 564 4766 contentione
593 4704 709 4765 denuo
740 4703 775 4764 in
803 4722 876 4765 rem
910 4703 1025 4765 ordini
1057 4703 1379 4767 coniunctissimam
1412 4705 1656 4769 incubuerunt.
1703 4705 1811 4768 Anno
1839 4710 1923 4785 1804

184 4843 408 4926 gymnasium
426 4842 642 4921 Mellicense,
667 4843 762 4922 quod
786 4842 821 4903 in
838 4842 1008 4923 oppidum
1026 4840 1307 4923 Sampolitanum
1332 4842 1449 4907 fuerat
1472 4846 1692 4927 translatum,
1716 4844 1920 4908 restitutum

184 4993 290 5063 atque
327 4982 589 5064 professoribus
625 4981 783 5044 eiusdem
819 4981 1023 5043 monasterii
1059 4981 1282 5044 commissum
1316 4993 1371 5047 est
1385 4983 1420 5063 3).
1467 4985 1573 5047 Anno
1610 4988 1687 5064 1807
1724 4984 1924 5066 imperator

314 5174 335 5255 ¹)
360 5178 543 5234 Geschichte
567 5176 620 5232 des
645 5134 859 5250 Gymnasiums
883 5194 942 5232 von
967 5175 1057 5233 Melk.

313 5288 335 5368 2)
361 5290 468 5355 Fuchs‚
493 5289 625 5345 Admont
649 5289 667 5344 l.
693 5309 718 5346 0.

311 5402 335 5482 3)
359 5401 535 5476 Keiblinger
559 5402 577 5457 l.
601 5420 628 5458 c.
