4222 6106
916 474 961 480 ·-
1019 453 1094 522 450
1151 476 1195 482 ·-

187 641 289 711 parte
307 643 342 693 et
359 641 495 712 ornata,
517 642 556 694 ut
577 632 689 694 cuivis
712 635 789 695 urbi
812 636 922 696 decus
939 655 1018 697 esse
1101 646 1136 697 et
1152 636 1291 716 pertica
1308 656 1386 698 cum
1404 637 1500 717 spira
1522 649 1691 700 movente
1714 638 1944 704 coniunctas

186 755 309 835 possit.
339 755 607 816 Monumentum
632 764 750 816 autem
776 754 946 816 indefessi
970 756 1018 816 la·
1101 757 1199 819 Haec
1227 757 1323 838 spira
1346 778 1508 839 movenS,
1535 780 1627 840 quae
1650 768 1804 822 attracta
1824 772 1852 823 et
1867 765 1934 824 ir1

185 876 281 938 boris
303 889 338 938 et
360 875 556 937 acutissimi
578 875 710 958 ingenii
727 896 810 937 aere
826 877 1018 956 perennius
1099 890 1203 941 tensa
1212 881 1454 961 globimotum
1464 880 1575 944 efficit
1588 882 1748 944 inferiori
1760 883 1944 964 axispoll

186 997 254 1059 sibi
272 997 395 1079 exegit
413 998 561 1079 „globo“
576 1018 711 1058 summa
728 1008 804 1059 arte
823 1007 1016 1078 exstructo,
1099 1003 1239 1062 adnexa
1267 1013 1303 1063 et
1332 1005 1501 1083 capsulae
1530 1003 1686 1084 inclusa,
1716 1006 1797 1067 dum
1823 1016 1944 1072 attae

186 1121 246 1200 qui
270 1142 291 1182 a
316 1120 401 1182 viris
427 1120 642 1182 doctissimis
667 1121 832 1181 laudatus
856 1120 1016 1200 planiore
1056 1121 1059 1183 l
1098 1125 1215 1185 hendo
1239 1125 1449 1206 intenditur,
1474 1135 1613 1206 septem
1640 1126 1944 1197 circumactione<

186 1241 425 1321 descriptione
442 1241 571 1322 dignus
588 1249 657 1302 est:
683 1239 820 1301 Globus
832 1241 899 1321 hic,
918 1240 1017 1302 cuius
1098 1245 1268 1326 admittit,
1294 1267 1441 1327 quarum
1465 1267 1535 1309 una
1559 1247 1693 1310 sufficit
1717 1250 1762 1310 ad
1785 1250 1944 1330 globuw

188 1364 358 1425 diameter
375 1373 429 1425 est
451 1385 497 1441 1·4
512 1364 623 1443 metri,
641 1375 677 1425 et
694 1363 793 1426 cuius
810 1361 1016 1444 superficies
1056 1343 1058 1428 i
1097 1385 1162 1446 per
1175 1377 1247 1428 tres
1257 1367 1333 1428 dies
1345 1370 1652 1440 commovendum:
1668 1368 1779 1451 igitur
1791 1381 1944 1450 septeQ

187 1490 236 1546 (rz
255 1496 445 1547 metrorum
463 1487 725 1566 quadratorum,
743 1485 812 1546 iarn
826 1504 918 1546 anno
937 1488 1018 1546 1800
1056 1440 1059 1553 i
1098 1487 1216 1567 spirae
1235 1488 1339 1551 huius
1357 1489 1702 1571 circumactionibuS,
1721 1490 1757 1552 id
1777 1503 1835 1572 est,
1848 1494 1944 1573 plffi.

187 1607 342 1670 construi
369 1617 517 1687 coeptus
539 1618 603 1670 est.
633 1608 814 1669 Internum
837 1608 912 1669 eius
937 1627 1017 1689 spa·
1099 1608 1153 1671 nis
1176 1611 1295 1690 spirae
1312 1611 1447 1672 viribus
1467 1612 1627 1691 intensis
1652 1612 1782 1694 globus
1805 1634 1931 1695 per21

187 1731 273 1792 tium
289 1731 432 1812 penitus
449 1730 554 1792 meris
571 1730 716 1791 orbibus
733 1729 861 1810 ligneis
878 1749 943 1810 per
960 1748 1018 1790 co·
1100 1730 1175 1791 dies
1206 1732 1391 1794 continuos
1420 1745 1673 1796 commovetur.
1710 1734 1778 1815 Qui
1804 1746 1911 1821 motus,

186 1853 347 1914 lumellas
359 1853 452 1914 inter
464 1871 502 1912 se
517 1851 713 1913 coniunctis
723 1852 938 1931 completum
952 1862 1017 1913 est.

187 1972 402 2054 Superficies
426 1993 489 2034 seu
513 1974 751 2034 velamentum
776 1973 874 2053 globi
900 1992 946 2033 ex
968 1973 1018 2033 la-

186 2097 289 2157 minis
308 2096 437 2177 ligneis
463 2095 629 2157 tenuibus
655 2094 817 2156 consistit
841 2103 877 2156 et
901 2113 1019 2155 massa

187 2228 350 2281 cretacea
385 2217 619 2298 pumiceaque
655 2216 791 2298 glutine
829 2215 1018 2278 coniuncta

187 2341 341 2421 illinitur,
364 2341 542 2422 levigatur
564 2349 599 2401 et
620 2339 760 2421 politur.
785 2338 903 2400 Prima
927 2337 1017 2400 diffi-

188 2465 302 2525 cultas
327 2471 520 2542 conspecta
544 2471 615 2543 est,
649 2481 727 2523 cum
755 2462 884 2554 globus
916 2461 1017 2522 meri·

189 2584 294 2645 diano
311 2592 347 2645 et
364 2583 423 2644 axi
440 2584 663 2647 insereretur.
688 2583 769 2644 Una
786 2603 832 2644 ex
848 2592 950 2664 parte
966 2583 1017 2644 in-

187 2705 330 2768 clinatio
343 2705 446 2767 nimis
459 2725 589 2787 magna
601 2705 789 2786 gravitatis
802 2713 1017 2766 momentum

186 2827 452 2890 vitiosissimum
475 2836 560 2889 erat.
585 2828 739 2889 Tentata
755 2826 896 2888 diverso
912 2827 1017 2888 modo

1056 2288 1059 2299 Ι

1100 1852 1182 1933 quia
1197 1854 1410 1934 regulariter
1431 1854 1575 1935 incedit,
1598 1856 1820 1919 mechanismi
1838 1864 1903 1922 arti-

1098 1972 1216 2034 ficium
1241 1974 1439 2068 perfectum
1464 1977 1681 2039 manifestat.
1711 1976 1827 2058 Spirae
1845 1998 1895 2040 mo

1098 2095 1195 2157 venti
1213 2097 1375 2176 proxime
1392 2099 1563 2160 adhaeret
1582 2099 1710 2180 rotula,
1735 2098 1770 2161 in
1789 2100 1889 2160 modun

1099 2217 1218 2278 annuli
1239 2217 1424 2299 ingeniose
1447 2240 1527 2282 eum
1551 2220 1587 2282 in
1607 2220 1714 2283 finem
1737 2220 1849 2301 addita,
1866 2231 1889 2281 ut

1099 2339 1196 2419 spira
1214 2339 1291 2419 ipsa
1308 2361 1351 2401 ne
1368 2342 1682 2405 vehementissimo
1700 2343 1827 2424 quiden
1841 2342 1888 2403 ictu

1099 2471 1160 2522 aut
1177 2462 1402 2524 concutiente
1416 2463 1550 2545 impetu
1567 2464 1662 2526 laedi
1674 2464 1888 2548 frangivepos-

1099 2582 1154 2643 sit.
1172 2583 1284 2646 Totus
1300 2584 1358 2645 ille
1372 2586 1632 2648 mechanismus
1646 2586 1824 2649 artificiose
1834 2605 1888 2646 con·

1099 2714 1253 2766 structus
1274 2726 1402 2768 novem
1422 2708 1547 2769 rotulis
1571 2718 1723 2772 constat.
1754 2707 1818 2771 Sed
1835 2724 1888 2766 auc·

1099 2837 1163 2907 tor,
1181 2827 1316 2888 maiora
1332 2828 1529 2909 intendens,
1553 2832 1705 2892 necdum
1727 2829 1888 2892 inventione

187 2949 412 3029 reparatione
436 2948 528 3028 vitii,
554 2949 588 3009 in
610 2957 711 3028 parte
733 2948 866 3009 leviore
888 2947 1017 3009 lamina
1056 2972 1058 3027 5
1099 2969 1163 3009 sua
1179 2959 1378 3030 contentuS,
1404 2951 1509 3012 etiam
1533 2952 1617 3014 anni
1642 2952 1718 3014 dies
1739 2963 1774 3014 et
1788 2968 1889 3013 menses

188 3072 354 3150 plumbea
371 3071 513 3150 inserta,
538 3071 573 3131 in
593 3079 696 3149 parte
717 3069 885 3150 opposita
900 3068 1018 3149 perfo—
1056 3108 1058 3124 ι
1099 3081 1134 3131 et
1151 3080 1267 3132 terrae
1284 3081 1416 3134 motum
1439 3073 1569 3134 circum
1593 3075 1702 3135 solem
1720 3073 1821 3135 voluit
1839 3071 1890 3131 illu·

186 3193 382 3255 rationibus
392 3191 569 3270 adhibitis,
580 3189 771 3254 difficultas
785 3201 1017 3271 estsuperata
1055 3138 1058 3267 ,i
1098 3191 1211 3253 strari.
1242 3193 1404 3254 Huncin
1427 3192 1531 3254 finem
1557 3195 1649 3256 alter
1672 3193 1891 3256 mechanismus

188 3326 223 3377 et
238 3317 368 3397 globus
384 3315 420 3376 in
433 3313 627 3375 meridiano
640 3313 755 3376 ferreo
769 3314 899 3375 circum
912 3333 1016 3374 axem
1055 3303 1057 3346 ;
1098 3314 1263 3375 inventus
1276 3315 1587 3396 etsuperioripolo
1601 3316 1784 3397 axisglobi
1796 3312 1890 3375 affixus

187 3458 287 3499 suum
305 3437 531 3499 conformiter
552 3447 713 3498 movetur
737 3437 828 3498 intra
850 3436 1016 3496 annulum
1055 3470 1057 3480 ι
1098 3446 1161 3496 est.
1185 3436 1253 3497 Hic
1271 3436 1446 3498 cernimus
1463 3438 1552 3498 duos
1569 3439 1676 3498 orbes
1693 3437 1835 3498 numeris
1848 3431 1889 3494 cir·

187 3560 342 3641 ligneum
364 3560 443 3640 15¹s,
462 3560 748 3620 centimetrorum
769 3558 956 3620 latitudine
981 3567 1016 3618 et
1098 3558 1342 3638 cumscriptos‚
1357 3579 1504 3639 quorum
1519 3579 1608 3620 unus
1620 3559 1738 3639 horaS,
1750 3560 1830 3620 alter
1840 3554 1889 3615 dies

186 3683 503 3744 2centimetrorum
518 3680 763 3743 crassitudine.
787 3679 923 3742 Globus
937 3700 1014 3740 cum
1054 3719 1056 3761 ᾗ
1098 3690 1133 3740 et
1160 3699 1300 3741 menses
1332 3680 1475 3741 indicat.
1515 3678 1633 3761 Supra
1660 3682 1726 3742 hos
1753 3691 1802 3742 est
1825 3678 1888 3738 linea

185 3805 314 3866 annulo
332 3816 368 3865 et
384 3803 579 3865 meridiano
600 3803 723 3864 nititur
744 3802 1015 3883 columnisqua-
1097 3802 1272 3883 ecliptica,
1290 3803 1465 3883 zodiacus,
1480 3803 1570 3863 intra
1584 3823 1689 3883 quem
1704 3812 1793 3865 terra
1804 3814 1887 3862 move·

184 3937 264 3988 tuor
280 3927 419 4008 ligneis,
437 3947 529 4006 quae
546 3926 637 3987 inter
658 3945 696 3986 se
718 3925 930 3986 transversis
951 3907 1033 4004 per⁶
1054 3920 1055 4000 l
1096 3932 1152 3983 tur
1169 3935 1204 3983 et
1221 3923 1320 3983 cuius
1338 3934 1497 3984 centrum
1520 3925 1572 3984 sol
1595 3933 1660 3986 est.
1686 3923 1784 4004 Quae
1805 3916 1886 3983 omnia

1054 4011 1055 4031 r

185 4069 324 4109 crucem
350 4049 538 4109 asserculis
566 4048 774 4108 coniunctae
804 4056 839 4109 et
868 4046 1014 4108 inferius
1054 4061 1055 4066 ’
1096 4038 1885 4127 conformiconiunctionecumgloboduodecin

185 4170 309 4230 rotulis
326 4190 372 4230 ex
389 4170 564 4230 orichalco
578 4171 623 4230 ad
637 4171 850 4231 movendum
866 4171 1014 4231 instruc·
1053 4172 1055 4177 ‘
1096 4165 1219 4226 rotulis
1243 4165 1380 4226 ratione
1403 4166 1646 4227 diversissima
1670 4167 1763 4228 inter
1782 4185 1815 4226 se
1833 4177 1885 4222 con·

187 4294 245 4351 tae
277 4300 368 4352 sunt.
408 4291 540 4370 Quinta
569 4292 745 4370 columna,
774 4291 902 4352 ceteris
930 4310 1014 4371 qua·
1097 4287 1199 4347 nexis
1216 4286 1418 4349 efficiuntur
1439 4298 1510 4349 tam
1532 4288 1720 4368 ingeniosa
1741 4300 1774 4349 et
1794 4291 1885 4347 exacta

186 4413 311 4491 druplo
337 4411 504 4491 crassior,
537 4411 814 4472 mechanismum
847 4412 1012 4492 continet,
1053 4394 1055 4474 l
1096 4409 1287 4489 mensione,
1311 4420 1349 4470 ut
1366 4429 1411 4470 ex
1429 4428 1498 4490 quo
1521 4410 1651 4490 globus
1673 4409 1732 4471 ille
1756 4417 1885 4471 movetur,

185 4543 323 4614 partem
364 4533 473 4595 totius
515 4533 633 4613 operis
678 4531 1013 4613 artificiosissimam,
1053 4525 1054 4615 ζ
1096 4531 1192 4591 nulla
1206 4552 1360 4612 unquam
1375 4532 1544 4612 temporis
1555 4533 1802 4614 autsignorum
1813 4530 1885 4589 inter·

186 4675 291 4734 quarn
318 4655 496 4735 revelare,
530 4655 640 4716 invito
668 4663 813 4717 auctore
837 4657 876 4717 P.
902 4656 1014 4717 Adal-
1053 4647 1054 4658 ’
1096 4653 1192 4714 cidat
1220 4653 1428 4717 differentia.
1465 4655 1590 4736 Itaque
1619 4675 1771 4736 superne
1796 4653 1826 4714 in
1841 4650 1885 4709 h⁰c

183 4778 295 4856 bert0,
313 4775 414 4837 nefas
431 4786 536 4838 esset.
561 4775 778 4838 Difficillima
795 4777 913 4857 operis
929 4798 1013 4859 pars
1095 4777 1203 4857 globo
1231 4777 1355 4838 eodem
1384 4776 1553 4857 temporis
1578 4787 1756 4840 momento
1781 4787 1813 4837 et
1834 4765 1887 4841 loci,-

185 4908 261 4959 erat
278 4909 449 4959 terrarum
471 4898 690 4980 mariumque
712 4899 801 4961 situs
823 4900 1013 4961 delineatio
1053 4941 1054 4980 ,
1095 4898 1155 4959 ubi
1171 4899 1299 4979 globus
1312 4899 1531 4980 proponitur,
1549 4910 1585 4961 et
1598 4900 1754 4962 omnium
1768 4900 1888 4959 locorum

185 5029 291 5099 atque
314 5021 470 5101 depictio
493 5033 528 5081 et
549 5021 777 5083 mechanismi
801 5023 848 5082 ad
871 5041 1013 5083 moven-
1094 5020 1183 5082 infra
1202 5026 1242 5098 34
1255 5023 1405 5102 gradum
1421 5021 1651 5102 longitudinis
1669 5034 1705 5084 et
1722 5044 1762 5100 49
1774 5018 1890 5103 gradun

186 5141 1012 5224 dumglobumcompositioColumnaemediae,
1052 5122 1054 5127 ³
1093 5142 1290 5204 latitudinis
1305 5143 1494 5205 iacentium
1507 5163 1592 5205 vere
1608 5144 1819 5207 conveniens
1831 5149 1892 5202 tem·

185 5265 302 5341 quoad
320 5282 411 5342 opus
427 5273 513 5344 erat,
532 5274 739 5346 excavatae,
757 5264 914 5327 inclusae
931 5276 1013 5327 sunt
1052 5304 1054 5332 ;
1093 5284 1171 5345 pus,
1187 5265 1270 5326 item
1284 5285 1424 5327 menses
1442 5275 1477 5328 et
1495 5265 1581 5346 dies,
1595 5275 1632 5328 et
1649 5266 1800 5347 denique
1815 5262 1895 5326 etiam

185 5384 304 5462 plures
321 5385 457 5446 rotulae
475 5385 581 5447 certis
601 5385 798 5448 rationibus
819 5389 1012 5469 adaptatae
1051 5368 1054 5422 Ῑ
1093 5387 1191 5449 sidus
1203 5387 1348 5469 zodiaci,
1359 5387 1394 5450 in
1409 5407 1478 5468 quo
1492 5388 1606 5449 solum
1620 5400 1792 5469 movetur,
1802 5389 1897 5468 legere
