<?xml version="1.0" encoding="UTF-8"?>
<!DOCTYPE html PUBLIC "-//W3C//DTD XHTML 1.0 Transitional//EN"
    "http://www.w3.org/TR/xhtml1/DTD/xhtml1-transitional.dtd">
<html xmlns="http://www.w3.org/1999/xhtml" xml:lang="en" lang="en">
 <head>
  <title>
</title>
<meta http-equiv="Content-Type" content="text/html;charset=utf-8" />
  <meta name='ocr-system' content='tesseract 3.04.00' />
  <meta name='ocr-capabilities' content='ocr_page ocr_carea ocr_par ocr_line ocrx_word'/>
</head>
<body>
  <div class='ocr_page' id='page_1' title='image "./scriptoresordin01austgoog_0249.png"; bbox 0 0 4252 6112; ppageno 0'>
   <div class='ocr_carea' id='block_1_1' title="bbox 922 471 1203 541">
    <p class='ocr_par' dir='ltr' id='par_1_1' title="bbox 922 471 1203 541">
     <span class='ocr_line' id='line_1_1' title="bbox 922 471 1203 541; baseline -0.004 -37"><span class='ocrx_word' id='word_1_1' title='bbox 922 471 1203 541; x_wconf 67' lang='lat'><em>„140-</em></span> 
     </span>
    </p>
   </div>
   <div class='ocr_carea' id='block_1_2' title="bbox 195 656 1030 2691">
    <p class='ocr_par' dir='ltr' id='par_1_2' title="bbox 195 656 1030 2691">
     <span class='ocr_line' id='line_1_2' title="bbox 195 656 1024 741; baseline -0.007 -17"><span class='ocrx_word' id='word_1_2' title='bbox 195 670 358 741; x_wconf 90' lang='lat' dir='ltr'>sceptum</span> <span class='ocrx_word' id='word_1_3' title='bbox 389 679 458 721; x_wconf 90' lang='lat' dir='ltr'>non</span> <span class='ocrx_word' id='word_1_4' title='bbox 491 658 661 740; x_wconf 88' lang='lat' dir='ltr'>deseruit,</span> <span class='ocrx_word' id='word_1_5' title='bbox 692 658 761 720; x_wconf 92' lang='lat' dir='ltr'>imo</span> <span class='ocrx_word' id='word_1_6' title='bbox 791 656 930 720; x_wconf 90' lang='lat' dir='ltr'>fortiter</span> <span class='ocrx_word' id='word_1_7' title='bbox 959 674 1024 737; x_wconf 92' lang='lat' dir='ltr'>pro</span> 
     </span>
     <span class='ocr_line' id='line_1_3' title="bbox 195 777 1025 865; baseline -0.008 -19"><span class='ocrx_word' id='word_1_8' title='bbox 195 783 376 865; x_wconf 86' lang='lat' dir='ltr'>aequitate</span> <span class='ocrx_word' id='word_1_9' title='bbox 389 779 641 862; x_wconf 86' lang='lat' dir='ltr'>propugnavit,</span> <span class='ocrx_word' id='word_1_10' title='bbox 657 789 697 842; x_wconf 93' lang='lat' dir='ltr'>ut</span> <span class='ocrx_word' id='word_1_11' title='bbox 712 778 828 842; x_wconf 86' lang='lat' dir='ltr'>officio</span> <span class='ocrx_word' id='word_1_12' title='bbox 841 778 924 841; x_wconf 91' lang='lat' dir='ltr'>boni</span> <span class='ocrx_word' id='word_1_13' title='bbox 937 777 1025 840; x_wconf 91' lang='lat' dir='ltr'>civis</span> 
     </span>
     <span class='ocr_line' id='line_1_4' title="bbox 197 899 1023 984; baseline -0.01 -16"><span class='ocrx_word' id='word_1_14' title='bbox 197 925 244 968; x_wconf 87' lang='lat' dir='ltr'>ex</span> <span class='ocrx_word' id='word_1_15' title='bbox 281 904 374 967; x_wconf 91' lang='lat' dir='ltr'>omni</span> <span class='ocrx_word' id='word_1_16' title='bbox 411 910 514 984; x_wconf 90' lang='lat' dir='ltr'>parte</span> <span class='ocrx_word' id='word_1_17' title='bbox 552 899 770 964; x_wconf 85' lang='lat' dir='ltr'>satisfecisse</span> <span class='ocrx_word' id='word_1_18' title='bbox 800 900 1023 963; x_wconf 90' lang='lat' dir='ltr'>iudicaretur.</span> 
     </span>
     <span class='ocr_line' id='line_1_5' title="bbox 195 1021 1024 1106; baseline -0.006 -18"><span class='ocrx_word' id='word_1_19' title='bbox 195 1026 319 1088; x_wconf 90' lang='lat' dir='ltr'>Virum</span> <span class='ocrx_word' id='word_1_20' title='bbox 351 1044 437 1106; x_wconf 90' lang='lat' dir='ltr'>ergo</span> <span class='ocrx_word' id='word_1_21' title='bbox 463 1033 535 1087; x_wconf 89' lang='lat' dir='ltr'>tam</span> <span class='ocrx_word' id='word_1_22' title='bbox 562 1025 654 1085; x_wconf 89' lang='lat' dir='ltr'>bene</span> <span class='ocrx_word' id='word_1_23' title='bbox 681 1023 726 1084; x_wconf 91' lang='lat' dir='ltr'>de</span> <span class='ocrx_word' id='word_1_24' title='bbox 753 1022 868 1085; x_wconf 89' lang='lat' dir='ltr'>salute</span> <span class='ocrx_word' id='word_1_25' title='bbox 895 1021 1024 1084; x_wconf 91' lang='lat' dir='ltr'>civium</span> 
     </span>
     <span class='ocr_line' id='line_1_6' title="bbox 197 1142 1024 1228; baseline -0.008 -17"><span class='ocrx_word' id='word_1_26' title='bbox 197 1148 377 1227; x_wconf 92' lang='lat' dir='ltr'>meritum,</span> <span class='ocrx_word' id='word_1_27' title='bbox 408 1154 513 1228; x_wconf 88' lang='lat' dir='ltr'>grata</span> <span class='ocrx_word' id='word_1_28' title='bbox 550 1164 606 1207; x_wconf 93' lang='lat' dir='ltr'>res</span> <span class='ocrx_word' id='word_1_29' title='bbox 641 1144 784 1225; x_wconf 89' lang='lat' dir='ltr'>publica</span> <span class='ocrx_word' id='word_1_30' title='bbox 811 1142 1024 1206; x_wconf 83' lang='lat' dir='ltr'>Viennensis</span> 
     </span>
     <span class='ocr_line' id='line_1_7' title="bbox 198 1266 1025 1348; baseline -0.008 -14"><span class='ocrx_word' id='word_1_31' title='bbox 198 1272 312 1334; x_wconf 86' lang='lat' dir='ltr'>civem</span> <span class='ocrx_word' id='word_1_32' title='bbox 339 1268 473 1332; x_wconf 87' lang='lat' dir='ltr'>creavit</span> <span class='ocrx_word' id='word_1_33' title='bbox 498 1266 722 1330; x_wconf 90' lang='lat' dir='ltr'>honorarium</span> <span class='ocrx_word' id='word_1_34' title='bbox 750 1276 787 1329; x_wconf 89' lang='lat' dir='ltr'>et</span> <span class='ocrx_word' id='word_1_35' title='bbox 812 1266 890 1348; x_wconf 88' lang='lat' dir='ltr'>ipse</span> <span class='ocrx_word' id='word_1_36' title='bbox 913 1285 1025 1347; x_wconf 90' lang='lat' dir='ltr'>augu-</span> 
     </span>
     <span class='ocr_line' id='line_1_8' title="bbox 197 1387 1025 1469; baseline -0.007 -14"><span class='ocrx_word' id='word_1_37' title='bbox 197 1391 374 1456; x_wconf 90' lang='lat' dir='ltr'>stissimus</span> <span class='ocrx_word' id='word_1_38' title='bbox 400 1389 569 1452; x_wconf 88' lang='lat' dir='ltr'>Austriae</span> <span class='ocrx_word' id='word_1_39' title='bbox 595 1389 788 1469; x_wconf 91' lang='lat' dir='ltr'>imperator</span> <span class='ocrx_word' id='word_1_40' title='bbox 814 1387 1025 1450; x_wconf 89' lang='lat' dir='ltr'>Franciscus</span> 
     </span>
     <span class='ocr_line' id='line_1_9' title="bbox 198 1509 1026 1595; baseline -0.008 -18"><span class='ocrx_word' id='word_1_41' title='bbox 198 1514 372 1595; x_wconf 88' lang='lat' dir='ltr'>Iosephus</span> <span class='ocrx_word' id='word_1_42' title='bbox 388 1511 587 1592; x_wconf 82' lang='lat' dir='ltr'>insignibus</span> <span class='ocrx_word' id='word_1_43' title='bbox 603 1531 631 1573; x_wconf 92' lang='lat' dir='ltr'>c.</span> <span class='ocrx_word' id='word_1_44' title='bbox 645 1530 671 1574; x_wconf 91' lang='lat' dir='ltr'>r.</span> <span class='ocrx_word' id='word_1_45' title='bbox 687 1510 819 1573; x_wconf 89' lang='lat' dir='ltr'>ordinis</span> <span class='ocrx_word' id='word_1_46' title='bbox 832 1509 1026 1572; x_wconf 88' lang='lat' dir='ltr'>Francisci·</span> 
     </span>
     <span class='ocr_line' id='line_1_10' title="bbox 199 1631 1026 1718; baseline -0.007 -19"><span class='ocrx_word' id='word_1_47' title='bbox 199 1635 377 1718; x_wconf 89' lang='lat' dir='ltr'>Iosephini</span> <span class='ocrx_word' id='word_1_48' title='bbox 392 1632 574 1697; x_wconf 90' lang='lat' dir='ltr'>decoravit</span> <span class='ocrx_word' id='word_1_49' title='bbox 586 1644 694 1714; x_wconf 90' lang='lat' dir='ltr'>atque</span> <span class='ocrx_word' id='word_1_50' title='bbox 707 1633 742 1695; x_wconf 91' lang='lat' dir='ltr'>in</span> <span class='ocrx_word' id='word_1_51' title='bbox 755 1632 912 1714; x_wconf 89' lang='lat' dir='ltr'>equitum</span> <span class='ocrx_word' id='word_1_52' title='bbox 923 1631 1026 1694; x_wconf 93' lang='lat' dir='ltr'>huius</span> 
     </span>
     <span class='ocr_line' id='line_1_11' title="bbox 199 1752 1027 1821; baseline -0.008 0"><span class='ocrx_word' id='word_1_53' title='bbox 199 1757 332 1821; x_wconf 88' lang='lat' dir='ltr'>ordinis</span> <span class='ocrx_word' id='word_1_54' title='bbox 352 1774 534 1819; x_wconf 91' lang='lat' dir='ltr'>numerum</span> <span class='ocrx_word' id='word_1_55' title='bbox 554 1754 715 1817; x_wconf 86' lang='lat' dir='ltr'>adscivit.</span> <span class='ocrx_word' id='word_1_56' title='bbox 738 1755 880 1817; x_wconf 86' lang='lat' dir='ltr'>Interea</span> <span class='ocrx_word' id='word_1_57' title='bbox 900 1752 1027 1816; x_wconf 90' lang='lat' dir='ltr'>litteris</span> 
     </span>
     <span class='ocr_line' id='line_1_12' title="bbox 198 1875 1027 1957; baseline -0.007 -15"><span class='ocrx_word' id='word_1_58' title='bbox 198 1881 353 1942; x_wconf 83' lang='lat' dir='ltr'>vacabat</span> <span class='ocrx_word' id='word_1_59' title='bbox 365 1887 464 1940; x_wconf 93' lang='lat' dir='ltr'>tanto</span> <span class='ocrx_word' id='word_1_60' title='bbox 473 1896 552 1939; x_wconf 94' lang='lat' dir='ltr'>cum</span> <span class='ocrx_word' id='word_1_61' title='bbox 562 1875 734 1957; x_wconf 87' lang='lat' dir='ltr'>prosectu,</span> <span class='ocrx_word' id='word_1_62' title='bbox 745 1886 783 1938; x_wconf 93' lang='lat' dir='ltr'>ut</span> <span class='ocrx_word' id='word_1_63' title='bbox 791 1876 1027 1956; x_wconf 83' lang='lat' dir='ltr'>Athenaeum,</span> 
     </span>
     <span class='ocr_line' id='line_1_13' title="bbox 199 1996 1027 2081; baseline -0.005 -19"><span class='ocrx_word' id='word_1_64' title='bbox 199 2000 364 2064; x_wconf 91' lang='lat' dir='ltr'>Venetiis</span> <span class='ocrx_word' id='word_1_65' title='bbox 380 2000 517 2081; x_wconf 80' lang='lat' dir='ltr'>vigenS,</span> <span class='ocrx_word' id='word_1_66' title='bbox 544 2007 580 2060; x_wconf 90' lang='lat' dir='ltr'>et</span> <span class='ocrx_word' id='word_1_67' title='bbox 599 1998 782 2060; x_wconf 90' lang='lat' dir='ltr'>academia</span> <span class='ocrx_word' id='word_1_68' title='bbox 802 1996 1027 2059; x_wconf 90' lang='lat' dir='ltr'>scientiarum</span> 
     </span>
     <span class='ocr_line' id='line_1_14' title="bbox 199 2118 1028 2203; baseline -0.006 -17"><span class='ocrx_word' id='word_1_69' title='bbox 199 2123 408 2203; x_wconf 89' lang='lat' dir='ltr'>artiumque,</span> <span class='ocrx_word' id='word_1_70' title='bbox 430 2140 521 2202; x_wconf 90' lang='lat' dir='ltr'>quae</span> <span class='ocrx_word' id='word_1_71' title='bbox 538 2121 678 2183; x_wconf 86' lang='lat' dir='ltr'>Patavii</span> <span class='ocrx_word' id='word_1_72' title='bbox 694 2119 806 2202; x_wconf 90' lang='lat' dir='ltr'>floret,</span> <span class='ocrx_word' id='word_1_73' title='bbox 827 2129 864 2183; x_wconf 90' lang='lat' dir='ltr'>et</span> <span class='ocrx_word' id='word_1_74' title='bbox 879 2120 938 2182; x_wconf 90' lang='lat' dir='ltr'>illa</span> <span class='ocrx_word' id='word_1_75' title='bbox 952 2118 1028 2182; x_wconf 94' lang='lat' dir='ltr'>Ro-</span> 
     </span>
     <span class='ocr_line' id='line_1_15' title="bbox 200 2241 1028 2325; baseline -0.006 -18"><span class='ocrx_word' id='word_1_76' title='bbox 200 2264 293 2325; x_wconf 90' lang='lat' dir='ltr'>mae,</span> <span class='ocrx_word' id='word_1_77' title='bbox 318 2243 374 2305; x_wconf 90' lang='lat' dir='ltr'>dei</span> <span class='ocrx_word' id='word_1_78' title='bbox 392 2241 517 2324; x_wconf 83' lang='lat' dir='ltr'>Quiriti</span> <span class='ocrx_word' id='word_1_79' title='bbox 540 2242 646 2324; x_wconf 89' lang='lat' dir='ltr'>dicta,</span> <span class='ocrx_word' id='word_1_80' title='bbox 670 2252 706 2305; x_wconf 91' lang='lat' dir='ltr'>et</span> <span class='ocrx_word' id='word_1_81' title='bbox 729 2241 1028 2324; x_wconf 91' lang='lat' dir='ltr'>quamplurimae</span> 
     </span>
     <span class='ocr_line' id='line_1_16' title="bbox 200 2363 1030 2429; baseline -0.005 0"><span class='ocrx_word' id='word_1_82' title='bbox 200 2366 390 2429; x_wconf 89' lang='lat' dir='ltr'>societates</span> <span class='ocrx_word' id='word_1_83' title='bbox 398 2365 861 2427; x_wconf 89' lang='lat' dir='ltr'>Vindobonensessodalem</span> <span class='ocrx_word' id='word_1_84' title='bbox 874 2384 953 2428; x_wconf 87' lang='lat' dir='ltr'>eum</span> <span class='ocrx_word' id='word_1_85' title='bbox 962 2363 1030 2427; x_wconf 91' lang='lat' dir='ltr'>sibi</span> 
     </span>
     <span class='ocr_line' id='line_1_17' title="bbox 201 2486 1030 2569; baseline -0.004 -18"><span class='ocrx_word' id='word_1_86' title='bbox 201 2487 414 2551; x_wconf 86' lang='lat' dir='ltr'>addiderint.</span> <span class='ocrx_word' id='word_1_87' title='bbox 427 2486 659 2569; x_wconf 88' lang='lat' dir='ltr'>Negotiorum</span> <span class='ocrx_word' id='word_1_88' title='bbox 668 2495 786 2549; x_wconf 89' lang='lat' dir='ltr'>autem</span> <span class='ocrx_word' id='word_1_89' title='bbox 800 2497 836 2550; x_wconf 90' lang='lat' dir='ltr'>et</span> <span class='ocrx_word' id='word_1_90' title='bbox 847 2506 1030 2549; x_wconf 90' lang='lat' dir='ltr'>munerum</span> 
     </span>
     <span class='ocr_line' id='line_1_18' title="bbox 201 2608 1030 2691; baseline -0.001 -18"><span class='ocrx_word' id='word_1_91' title='bbox 201 2630 280 2673; x_wconf 93' lang='lat' dir='ltr'>cum</span> <span class='ocrx_word' id='word_1_92' title='bbox 308 2608 495 2671; x_wconf 92' lang='lat' dir='ltr'>multitudo</span> <span class='ocrx_word' id='word_1_93' title='bbox 524 2617 560 2670; x_wconf 91' lang='lat' dir='ltr'>et</span> <span class='ocrx_word' id='word_1_94' title='bbox 584 2608 791 2691; x_wconf 85' lang='lat' dir='ltr'>magnitudo</span> <span class='ocrx_word' id='word_1_95' title='bbox 817 2618 892 2671; x_wconf 92' lang='lat' dir='ltr'>tum</span> <span class='ocrx_word' id='word_1_96' title='bbox 917 2610 1030 2672; x_wconf 91' lang='lat' dir='ltr'>varie·</span> 
     </span>
    </p>
   </div>
   <div class='ocr_carea' id='block_1_3' title="bbox 201 2730 1031 2831">
    <p class='ocr_par' dir='ltr' id='par_1_3' title="bbox 201 2730 1031 2831">
     <span class='ocr_line' id='line_1_19' title="bbox 201 2730 1031 2831; baseline 0 -38"><span class='ocrx_word' id='word_1_97' title='bbox 201 2741 267 2812; x_wconf 90' lang='lat' dir='ltr'>tas,</span> <span class='ocrx_word' id='word_1_98' title='bbox 279 2731 363 2813; x_wconf 93' lang='lat' dir='ltr'>quin</span> <span class='ocrx_word' id='word_1_99' title='bbox 376 2730 634 2831; x_wconf 75' lang='lat' dir='ltr'>dissimilitudo,</span> <span class='ocrx_word' id='word_1_100' title='bbox 644 2730 769 2792; x_wconf 86' lang='lat' dir='ltr'>virium</span> <span class='ocrx_word' id='word_1_101' title='bbox 782 2750 869 2812; x_wconf 91' lang='lat' dir='ltr'>opes</span> <span class='ocrx_word' id='word_1_102' title='bbox 878 2731 1031 2795; x_wconf 87' lang='lat' dir='ltr'>adficere</span> 
     </span>
    </p>
   </div>
   <div class='ocr_carea' id='block_1_4' title="bbox 202 2851 1034 3878">
    <p class='ocr_par' dir='ltr' id='par_1_4' title="bbox 202 2851 1032 3421">
     <span class='ocr_line' id='line_1_20' title="bbox 202 2851 1031 2935; baseline 0.001 -20"><span class='ocrx_word' id='word_1_103' title='bbox 202 2861 238 2915; x_wconf 93' lang='lat' dir='ltr'>et</span> <span class='ocrx_word' id='word_1_104' title='bbox 262 2871 468 2915; x_wconf 89' lang='lat' dir='ltr'>consumere</span> <span class='ocrx_word' id='word_1_105' title='bbox 491 2861 701 2932; x_wconf 90' lang='lat' dir='ltr'>coeperunt,</span> <span class='ocrx_word' id='word_1_106' title='bbox 728 2851 777 2914; x_wconf 86' lang='lat' dir='ltr'>ita</span> <span class='ocrx_word' id='word_1_107' title='bbox 804 2862 844 2914; x_wconf 94' lang='lat' dir='ltr'>ut</span> <span class='ocrx_word' id='word_1_108' title='bbox 869 2852 1031 2935; x_wconf 89' lang='lat' dir='ltr'>hydrope</span> 
     </span>
     <span class='ocr_line' id='line_1_21' title="bbox 203 2973 1031 3057; baseline 0.002 -20"><span class='ocrx_word' id='word_1_109' title='bbox 203 2973 390 3057; x_wconf 87' lang='lat' dir='ltr'>pericardii</span> <span class='ocrx_word' id='word_1_110' title='bbox 409 2984 605 3055; x_wconf 90' lang='lat' dir='ltr'>correptus,</span> <span class='ocrx_word' id='word_1_111' title='bbox 627 2973 684 3036; x_wconf 90' lang='lat' dir='ltr'>die</span> <span class='ocrx_word' id='word_1_112' title='bbox 706 2974 961 3055; x_wconf 82' lang='lat' dir='ltr'>28.Apr.1862</span> <span class='ocrx_word' id='word_1_113' title='bbox 985 2978 1031 3038; x_wconf 93' lang='lat' dir='ltr'>ad</span> 
     </span>
     <span class='ocr_line' id='line_1_22' title="bbox 202 3096 1031 3179; baseline 0.005 -21"><span class='ocrx_word' id='word_1_114' title='bbox 202 3098 345 3159; x_wconf 87' lang='lat' dir='ltr'>beatam</span> <span class='ocrx_word' id='word_1_115' title='bbox 367 3096 668 3159; x_wconf 88' lang='lat' dir='ltr'>immortalitatem</span> <span class='ocrx_word' id='word_1_116' title='bbox 694 3096 910 3179; x_wconf 73' lang='lat' dir='ltr'>demigrant,</span> <span class='ocrx_word' id='word_1_117' title='bbox 933 3108 1031 3179; x_wconf 90' lang='lat' dir='ltr'>post-</span> 
     </span>
     <span class='ocr_line' id='line_1_23' title="bbox 203 3218 1032 3301; baseline 0.002 -21"><span class='ocrx_word' id='word_1_118' title='bbox 203 3239 308 3301; x_wconf 90' lang='lat' dir='ltr'>quam</span> <span class='ocrx_word' id='word_1_119' title='bbox 324 3218 537 3281; x_wconf 90' lang='lat' dir='ltr'>monasterio</span> <span class='ocrx_word' id='word_1_120' title='bbox 557 3237 623 3300; x_wconf 90' lang='lat' dir='ltr'>per</span> <span class='ocrx_word' id='word_1_121' title='bbox 643 3218 790 3301; x_wconf 90' lang='lat' dir='ltr'>triginta</span> <span class='ocrx_word' id='word_1_122' title='bbox 811 3220 900 3282; x_wconf 90' lang='lat' dir='ltr'>duos</span> <span class='ocrx_word' id='word_1_123' title='bbox 920 3239 1032 3282; x_wconf 89' lang='lat' dir='ltr'>annos</span> 
     </span>
     <span class='ocr_line' id='line_1_24' title="bbox 204 3339 481 3421; baseline -0.004 -19"><span class='ocrx_word' id='word_1_124' title='bbox 204 3340 301 3421; x_wconf 89' lang='lat' dir='ltr'>prior</span> <span class='ocrx_word' id='word_1_125' title='bbox 317 3339 481 3420; x_wconf 88' lang='lat' dir='ltr'>praefuit.</span> 
     </span>
    </p>

    <p class='ocr_par' dir='ltr' id='par_1_5' title="bbox 290 3462 544 3545">
     <span class='ocr_line' id='line_1_25' title="bbox 290 3462 544 3545; baseline 0 -20"><span class='ocrx_word' id='word_1_126' title='bbox 290 3462 402 3545; x_wconf 91' lang='lat' dir='ltr'>Typis</span> <span class='ocrx_word' id='word_1_127' title='bbox 419 3463 544 3525; x_wconf 90' lang='lat' dir='ltr'>edidit:</span> 
     </span>
    </p>

    <p class='ocr_par' dir='ltr' id='par_1_6' title="bbox 204 3587 1034 3878">
     <span class='ocr_line' id='line_1_26' title="bbox 292 3587 1032 3663; baseline 0.004 -19"><span class='ocrx_word' id='word_1_128' title='bbox 292 3589 313 3645; x_wconf 95' lang='lat' dir='ltr'>I.</span> <span class='ocrx_word' id='word_1_129' title='bbox 346 3587 512 3663; x_wconf 86' lang='lat' dir='ltr'>Uebungen</span> <span class='ocrx_word' id='word_1_130' title='bbox 543 3609 607 3645; x_wconf 90' lang='lat' dir='ltr'>zum</span> <span class='ocrx_word' id='word_1_131' title='bbox 640 3588 844 3647; x_wconf 84' lang='lat' dir='ltr'>Uebersetzen</span> <span class='ocrx_word' id='word_1_132' title='bbox 880 3610 934 3647; x_wconf 88' lang='lat' dir='ltr'>aus</span> <span class='ocrx_word' id='word_1_133' title='bbox 965 3590 1032 3647; x_wconf 89' lang='lat' dir='ltr'>dem</span> 
     </span>
     <span class='ocr_line' id='line_1_27' title="bbox 204 3692 1033 3769; baseline 0.004 -21"><span class='ocrx_word' id='word_1_134' title='bbox 204 3692 379 3749; x_wconf 88' lang='lat' dir='ltr'>Deutschen</span> <span class='ocrx_word' id='word_1_135' title='bbox 402 3695 447 3749; x_wconf 89' lang='lat' dir='ltr'>ins</span> <span class='ocrx_word' id='word_1_136' title='bbox 468 3693 660 3749; x_wconf 86' lang='lat' dir='ltr'>Lateinische</span> <span class='ocrx_word' id='word_1_137' title='bbox 684 3693 759 3749; x_wconf 87' lang='lat' dir='ltr'>nach</span> <span class='ocrx_word' id='word_1_138' title='bbox 781 3694 814 3750; x_wconf 80' lang='lat' dir='ltr'>F.</span> <span class='ocrx_word' id='word_1_139' title='bbox 832 3694 882 3750; x_wconf 89' lang='lat' dir='ltr'>W.</span> <span class='ocrx_word' id='word_1_140' title='bbox 899 3695 1033 3769; x_wconf 78' lang='lat' dir='ltr'>Dorings</span> 
     </span>
     <span class='ocr_line' id='line_1_28' title="bbox 204 3794 1034 3878; baseline 0.002 -25"><span class='ocrx_word' id='word_1_141' title='bbox 204 3797 376 3872; x_wconf 88' lang='lat' dir='ltr'>Anleitung.</span> <span class='ocrx_word' id='word_1_142' title='bbox 404 3794 433 3873; x_wconf 85' lang='lat' dir='ltr'>(i.</span> <span class='ocrx_word' id='word_1_143' title='bbox 458 3816 484 3854; x_wconf 89' lang='lat' dir='ltr'>e.</span> <span class='ocrx_word' id='word_1_144' title='bbox 514 3798 667 3854; x_wconf 86' lang='lat' dir='ltr'>Exercitia</span> <span class='ocrx_word' id='word_1_145' title='bbox 689 3796 1034 3878; x_wconf 89' lang='lat' dir='ltr'>Germanico-Latina.)</span> 
     </span>
    </p>
   </div>
   <div class='ocr_carea' id='block_1_5' title="bbox 205 3901 1033 4081">
    <p class='ocr_par' dir='ltr' id='par_1_7' title="bbox 205 3901 1033 4081">
     <span class='ocr_line' id='line_1_29' title="bbox 205 3901 1033 3977; baseline 0.006 -20"><span class='ocrx_word' id='word_1_146' title='bbox 205 3901 231 3957; x_wconf 91' lang='lat' dir='ltr'>ll</span> <span class='ocrx_word' id='word_1_147' title='bbox 249 3921 354 3958; x_wconf 87' lang='lat' dir='ltr'>cursus</span> <span class='ocrx_word' id='word_1_148' title='bbox 376 3921 431 3977; x_wconf 84' lang='lat' dir='ltr'>pro</span> <span class='ocrx_word' id='word_1_149' title='bbox 454 3902 475 3957; x_wconf 94' lang='lat' dir='ltr'>l.</span> <span class='ocrx_word' id='word_1_150' title='bbox 498 3916 527 3958; x_wconf 88' lang='lat' dir='ltr'>et</span> <span class='ocrx_word' id='word_1_151' title='bbox 549 3903 586 3958; x_wconf 93' lang='lat' dir='ltr'>ll.</span> <span class='ocrx_word' id='word_1_152' title='bbox 608 3902 695 3958; x_wconf 88' lang='lat' dir='ltr'>class.</span> <span class='ocrx_word' id='word_1_153' title='bbox 717 3921 841 3977; x_wconf 84' lang='lat' dir='ltr'>gramm.</span> <span class='ocrx_word' id='word_1_154' title='bbox 868 3919 884 3960; x_wconf 90' lang='lat'><strong><em>2</em></strong></span> <span class='ocrx_word' id='word_1_155' title='bbox 907 3905 966 3961; x_wconf 81' lang='lat' dir='ltr'>vol.</span> <span class='ocrx_word' id='word_1_156' title='bbox 991 3903 1033 3961; x_wconf 88' lang='lat'>8⁰.</span> 
     </span>
     <span class='ocr_line' id='line_1_30' title="bbox 205 4004 1033 4081; baseline 0.005 -19"><span class='ocrx_word' id='word_1_157' title='bbox 205 4006 348 4071; x_wconf 82' lang='lat' dir='ltr'>Viennae,</span> <span class='ocrx_word' id='word_1_158' title='bbox 367 4004 445 4077; x_wconf 83' lang='lat'>1824</span> <span class='ocrx_word' id='word_1_159' title='bbox 460 4020 492 4063; x_wconf 88' lang='lat' dir='ltr'>et</span> <span class='ocrx_word' id='word_1_160' title='bbox 510 4005 600 4078; x_wconf 84' lang='lat'>1825,</span> <span class='ocrx_word' id='word_1_161' title='bbox 614 4009 694 4081; x_wconf 86' lang='lat' dir='ltr'>typis</span> <span class='ocrx_word' id='word_1_162' title='bbox 706 4007 806 4062; x_wconf 87' lang='lat' dir='ltr'>Caroli</span> <span class='ocrx_word' id='word_1_163' title='bbox 820 4005 1033 4066; x_wconf 89' lang='lat' dir='ltr'>Ueberreuter.</span> 
     </span>
    </p>
   </div>
   <div class='ocr_carea' id='block_1_6' title="bbox 206 4124 1035 4601">
    <p class='ocr_par' dir='ltr' id='par_1_8' title="bbox 206 4124 1035 4601">
     <span class='ocr_line' id='line_1_31' title="bbox 294 4124 1035 4187; baseline 0.005 -5"><span class='ocrx_word' id='word_1_164' title='bbox 294 4127 330 4183; x_wconf 96' lang='lat' dir='ltr'>ll.</span> <span class='ocrx_word' id='word_1_165' title='bbox 347 4124 581 4183; x_wconf 88' lang='lat' dir='ltr'>Vocabularium</span> <span class='ocrx_word' id='word_1_166' title='bbox 598 4127 877 4185; x_wconf 88' lang='lat' dir='ltr'>Graeco-Latinum</span> <span class='ocrx_word' id='word_1_167' title='bbox 899 4150 964 4187; x_wconf 91' lang='lat' dir='ltr'>cum</span> <span class='ocrx_word' id='word_1_168' title='bbox 981 4130 1035 4186; x_wconf 89' lang='lat' dir='ltr'>du·</span> 
     </span>
     <span class='ocr_line' id='line_1_32' title="bbox 206 4230 1035 4306; baseline 0.007 -21"><span class='ocrx_word' id='word_1_169' title='bbox 206 4230 276 4306; x_wconf 89' lang='lat' dir='ltr'>plici</span> <span class='ocrx_word' id='word_1_170' title='bbox 293 4230 461 4306; x_wconf 86' lang='lat' dir='ltr'>appendice</span> <span class='ocrx_word' id='word_1_171' title='bbox 477 4230 578 4287; x_wconf 82' lang='lat' dir='ltr'>brevis</span> <span class='ocrx_word' id='word_1_172' title='bbox 591 4234 805 4306; x_wconf 82' lang='lat' dir='ltr'>grammaticae</span> <span class='ocrx_word' id='word_1_173' title='bbox 819 4231 957 4290; x_wconf 88' lang='lat' dir='ltr'>Graecae</span> <span class='ocrx_word' id='word_1_174' title='bbox 969 4254 1035 4292; x_wconf 91' lang='lat' dir='ltr'>sec·</span> 
     </span>
     <span class='ocr_line' id='line_1_33' title="bbox 206 4330 1034 4414; baseline 0.005 -24"><span class='ocrx_word' id='word_1_175' title='bbox 206 4335 279 4390; x_wconf 91' lang='lat' dir='ltr'>tioni</span> <span class='ocrx_word' id='word_1_176' title='bbox 293 4334 304 4388; x_wconf 92' lang='lat'><em>1</em></span> <span class='ocrx_word' id='word_1_177' title='bbox 319 4330 400 4409; x_wconf 87' lang='lat' dir='ltr'>(edit.</span> <span class='ocrx_word' id='word_1_178' title='bbox 411 4353 428 4390; x_wconf 90' lang='lat' dir='ltr'>a</span> <span class='ocrx_word' id='word_1_179' title='bbox 438 4335 470 4391; x_wconf 89' lang='lat' dir='ltr'>P.</span> <span class='ocrx_word' id='word_1_180' title='bbox 479 4335 643 4391; x_wconf 81' lang='lat' dir='ltr'>Francisco</span> <span class='ocrx_word' id='word_1_181' title='bbox 654 4334 752 4414; x_wconf 90' lang='lat' dir='ltr'>Rohn)</span> <span class='ocrx_word' id='word_1_182' title='bbox 765 4338 1034 4395; x_wconf 84' lang='lat' dir='ltr'>accommodatum.</span> 
     </span>
     <span class='ocr_line' id='line_1_34' title="bbox 211 4437 1035 4514; baseline 0.004 -19"><span class='ocrx_word' id='word_1_183' title='bbox 211 4454 222 4495; x_wconf 94' lang='lat'>1</span> <span class='ocrx_word' id='word_1_184' title='bbox 242 4438 302 4494; x_wconf 82' lang='lat' dir='ltr'>vol.</span> <span class='ocrx_word' id='word_1_185' title='bbox 326 4437 368 4495; x_wconf 84' lang='lat'>8⁰.</span> <span class='ocrx_word' id='word_1_186' title='bbox 395 4453 420 4496; x_wconf 93' lang='lat'>1.</span> <span class='ocrx_word' id='word_1_187' title='bbox 438 4438 484 4495; x_wconf 92' lang='lat' dir='ltr'>ed.</span> <span class='ocrx_word' id='word_1_188' title='bbox 501 4439 646 4506; x_wconf 85' lang='lat' dir='ltr'>Viennae,</span> <span class='ocrx_word' id='word_1_189' title='bbox 668 4437 758 4508; x_wconf 84' lang='lat'>1826,</span> <span class='ocrx_word' id='word_1_190' title='bbox 782 4455 810 4497; x_wconf 91' lang='lat'>2.</span> <span class='ocrx_word' id='word_1_191' title='bbox 827 4441 873 4498; x_wconf 91' lang='lat' dir='ltr'>ed.</span> <span class='ocrx_word' id='word_1_192' title='bbox 896 4440 985 4514; x_wconf 82' lang='lat'>1838,</span> <span class='ocrx_word' id='word_1_193' title='bbox 1007 4444 1035 4498; x_wconf 87' lang='lat' dir='ltr'>in</span> 
     </span>
     <span class='ocr_line' id='line_1_35' title="bbox 208 4541 665 4601; baseline 0.002 -1"><span class='ocrx_word' id='word_1_194' title='bbox 208 4541 331 4600; x_wconf 90' lang='lat' dir='ltr'>libraria</span> <span class='ocrx_word' id='word_1_195' title='bbox 348 4544 370 4598; x_wconf 94' lang='lat' dir='ltr'>l.</span> <span class='ocrx_word' id='word_1_196' title='bbox 388 4544 420 4599; x_wconf 89' lang='lat' dir='ltr'>B.</span> <span class='ocrx_word' id='word_1_197' title='bbox 438 4542 665 4601; x_wconf 87' lang='lat' dir='ltr'>Wallishauser.</span> 
     </span>
    </p>
   </div>
   <div class='ocr_carea' id='block_1_7' title="bbox 207 4664 1037 5159">
    <p class='ocr_par' dir='ltr' id='par_1_9' title="bbox 207 4664 1037 5159">
     <span class='ocr_line' id='line_1_36' title="bbox 295 4664 1036 4744; baseline 0.008 -24"><span class='ocrx_word' id='word_1_198' title='bbox 295 4665 346 4720; x_wconf 90' lang='grc' dir='ltr'>ΙΙΙ.</span> <span class='ocrx_word' id='word_1_199' title='bbox 359 4665 530 4721; x_wconf 86' lang='lat' dir='ltr'>Conciones</span> <span class='ocrx_word' id='word_1_200' title='bbox 543 4664 631 4722; x_wconf 86' lang='lat' dir='ltr'>duas:</span> <span class='ocrx_word' id='word_1_201' title='bbox 644 4666 700 4721; x_wconf 80' lang='lat' dir='ltr'>Am</span> <span class='ocrx_word' id='word_1_202' title='bbox 715 4666 962 4744; x_wconf 76' lang='lat' dir='ltr'>ifinszigjahrigen</span> <span class='ocrx_word' id='word_1_203' title='bbox 975 4669 1036 4726; x_wconf 85' lang='lat' dir='ltr'>Ge·</span> 
     </span>
     <span class='ocr_line' id='line_1_37' title="bbox 207 4769 1037 4846; baseline 0.005 -20"><span class='ocrx_word' id='word_1_204' title='bbox 207 4770 418 4844; x_wconf 68' lang='lat' dir='ltr'>dichtnistage</span> <span class='ocrx_word' id='word_1_205' title='bbox 435 4769 489 4827; x_wconf 92' lang='lat' dir='ltr'>der</span> <span class='ocrx_word' id='word_1_206' title='bbox 506 4770 705 4846; x_wconf 86' lang='lat' dir='ltr'>Einweihung</span> <span class='ocrx_word' id='word_1_207' title='bbox 727 4771 780 4828; x_wconf 86' lang='lat' dir='ltr'>der</span> <span class='ocrx_word' id='word_1_208' title='bbox 796 4772 987 4831; x_wconf 84' lang='lat' dir='ltr'>Piarrkirche</span> <span class='ocrx_word' id='word_1_209' title='bbox 1001 4777 1037 4831; x_wconf 86' lang='lat' dir='ltr'>in</span> 
     </span>
     <span class='ocr_line' id='line_1_38' title="bbox 207 4873 1037 4946; baseline 0.005 -15"><span class='ocrx_word' id='word_1_210' title='bbox 207 4873 426 4931; x_wconf 83' lang='lat' dir='ltr'>Schottenleld.</span> <span class='ocrx_word' id='word_1_211' title='bbox 442 4875 585 4941; x_wconf 90' lang='lat' dir='ltr'>Viennae,</span> <span class='ocrx_word' id='word_1_212' title='bbox 616 4873 705 4946; x_wconf 80' lang='lat'>1836.</span> <span class='ocrx_word' id='word_1_213' title='bbox 727 4908 769 4916; x_wconf 93' lang='lat'>—</span> <span class='ocrx_word' id='word_1_214' title='bbox 790 4875 847 4933; x_wconf 89' lang='lat' dir='ltr'>Am</span> <span class='ocrx_word' id='word_1_215' title='bbox 864 4879 1037 4935; x_wconf 88' lang='lat' dir='ltr'>Patronats-</span> 
     </span>
     <span class='ocr_line' id='line_1_39' title="bbox 208 4977 1037 5053; baseline 0.008 -20"><span class='ocrx_word' id='word_1_216' title='bbox 208 4977 285 5035; x_wconf 81' lang='lat' dir='ltr'>feste</span> <span class='ocrx_word' id='word_1_217' title='bbox 306 4978 360 5034; x_wconf 89' lang='lat' dir='ltr'>des</span> <span class='ocrx_word' id='word_1_218' title='bbox 377 4977 876 5053; x_wconf 80' lang='lat' dir='ltr'>llandlungs·l&lt;rankeninstitutes.</span> <span class='ocrx_word' id='word_1_219' title='bbox 893 4982 1037 5050; x_wconf 85' lang='lat' dir='ltr'>Viennae,</span> 
     </span>
     <span class='ocr_line' id='line_1_40' title="bbox 213 5081 725 5159; baseline 0.006 -22"><span class='ocrx_word' id='word_1_220' title='bbox 213 5081 304 5155; x_wconf 80' lang='lat'>1849,</span> <span class='ocrx_word' id='word_1_221' title='bbox 322 5084 402 5159; x_wconf 90' lang='lat' dir='ltr'>typis</span> <span class='ocrx_word' id='word_1_222' title='bbox 418 5083 531 5158; x_wconf 90' lang='lat' dir='ltr'>Congr.</span> <span class='ocrx_word' id='word_1_223' title='bbox 549 5084 725 5140; x_wconf 85' lang='lat' dir='ltr'>Mechithar.</span> 
     </span>
    </p>
   </div>
   <div class='ocr_carea' id='block_1_8' title="bbox 210 5203 1040 5494">
    <p class='ocr_par' dir='ltr' id='par_1_10' title="bbox 210 5203 1040 5494">
     <span class='ocr_line' id='line_1_41' title="bbox 297 5203 1038 5283; baseline 0.009 -25"><span class='ocrx_word' id='word_1_224' title='bbox 297 5203 346 5260; x_wconf 94' lang='lat' dir='ltr'>lV.</span> <span class='ocrx_word' id='word_1_225' title='bbox 356 5203 534 5280; x_wconf 84' lang='lat' dir='ltr'>Ansprache</span> <span class='ocrx_word' id='word_1_226' title='bbox 546 5225 583 5261; x_wconf 87' lang='lat' dir='ltr'>an</span> <span class='ocrx_word' id='word_1_227' title='bbox 596 5205 653 5261; x_wconf 90' lang='lat' dir='ltr'>den</span> <span class='ocrx_word' id='word_1_228' title='bbox 664 5205 929 5283; x_wconf 81' lang='lat' dir='ltr'>hochwiirdigsten</span> <span class='ocrx_word' id='word_1_229' title='bbox 939 5210 1038 5266; x_wconf 85' lang='lat' dir='ltr'>Herrn</span> 
     </span>
     <span class='ocr_line' id='line_1_42' title="bbox 211 5304 1039 5386; baseline 0.013 -26"><span class='ocrx_word' id='word_1_230' title='bbox 211 5304 311 5362; x_wconf 81' lang='lat' dir='ltr'>Abten</span> <span class='ocrx_word' id='word_1_231' title='bbox 323 5306 376 5363; x_wconf 86' lang='lat' dir='ltr'>des</span> <span class='ocrx_word' id='word_1_232' title='bbox 389 5306 637 5366; x_wconf 83' lang='lat' dir='ltr'>Schottenstiites</span> <span class='ocrx_word' id='word_1_233' title='bbox 649 5311 702 5368; x_wconf 86' lang='lat' dir='ltr'>Dr.</span> <span class='ocrx_word' id='word_1_234' title='bbox 713 5310 885 5386; x_wconf 90' lang='lat' dir='ltr'>Sigismund</span> <span class='ocrx_word' id='word_1_235' title='bbox 898 5312 1039 5371; x_wconf 88' lang='lat' dir='ltr'>Schultes</span> 
     </span>
     <span class='ocr_line' id='line_1_43' title="bbox 210 5409 1040 5494; baseline 0.013 -30"><span class='ocrx_word' id='word_1_236' title='bbox 210 5428 246 5465; x_wconf 90' lang='lat' dir='ltr'>zu</span> <span class='ocrx_word' id='word_1_237' title='bbox 263 5409 371 5467; x_wconf 88' lang='lat' dir='ltr'>dessen</span> <span class='ocrx_word' id='word_1_238' title='bbox 388 5411 778 5491; x_wconf 74' lang='lat' dir='ltr'>sunfundzwanzigjahriger</span> <span class='ocrx_word' id='word_1_239' title='bbox 791 5416 1040 5494; x_wconf 73' lang='lat' dir='ltr'>Amtsthatigkeit</span> 
     </span>
    </p>
   </div>
   <div class='ocr_carea' id='block_1_9' title="bbox 1103 657 1939 1342">
    <p class='ocr_par' dir='ltr' id='par_1_11' title="bbox 1103 657 1939 838">
     <span class='ocr_line' id='line_1_44' title="bbox 1103 657 1939 734; baseline -0.005 -19"><span class='ocrx_word' id='word_1_240' title='bbox 1103 659 1244 734; x_wconf 87' lang='lat' dir='ltr'>gehalten</span> <span class='ocrx_word' id='word_1_241' title='bbox 1268 677 1314 714; x_wconf 89' lang='lat' dir='ltr'>am</span> <span class='ocrx_word' id='word_1_242' title='bbox 1340 657 1390 715; x_wconf 92' lang='lat'>28.</span> <span class='ocrx_word' id='word_1_243' title='bbox 1415 657 1522 714; x_wconf 79' lang='lat' dir='ltr'>lanner</span> <span class='ocrx_word' id='word_1_244' title='bbox 1550 657 1639 731; x_wconf 81' lang='lat'>1857.</span> <span class='ocrx_word' id='word_1_245' title='bbox 1667 657 1721 714; x_wconf 83' lang='lat' dir='ltr'>Ais</span> <span class='ocrx_word' id='word_1_246' title='bbox 1745 657 1939 732; x_wconf 88' lang='lat' dir='ltr'>Manuscript</span> 
     </span>
     <span class='ocr_line' id='line_1_45' title="bbox 1103 761 1794 838; baseline -0.001 -19"><span class='ocrx_word' id='word_1_247' title='bbox 1103 763 1264 838; x_wconf 87' lang='lat' dir='ltr'>gedruckt.</span> <span class='ocrx_word' id='word_1_248' title='bbox 1279 763 1424 828; x_wconf 88' lang='lat' dir='ltr'>Viennae,</span> <span class='ocrx_word' id='word_1_249' title='bbox 1442 775 1504 838; x_wconf 91' lang='lat' dir='ltr'>typ.</span> <span class='ocrx_word' id='word_1_250' title='bbox 1521 762 1590 819; x_wconf 83' lang='lat' dir='ltr'>Ant.</span> <span class='ocrx_word' id='word_1_251' title='bbox 1607 761 1794 838; x_wconf 89' lang='lat' dir='ltr'>Schweiger.</span> 
     </span>
    </p>

    <p class='ocr_par' dir='ltr' id='par_1_12' title="bbox 1103 862 1939 1342">
     <span class='ocr_line' id='line_1_46' title="bbox 1190 862 1938 943; baseline -0.004 -20"><span class='ocrx_word' id='word_1_252' title='bbox 1190 866 1226 923; x_wconf 94' lang='lat' dir='ltr'>V.</span> <span class='ocrx_word' id='word_1_253' title='bbox 1243 867 1433 942; x_wconf 90' lang='lat' dir='ltr'>Conscripsit</span> <span class='ocrx_word' id='word_1_254' title='bbox 1449 881 1608 942; x_wconf 88' lang='lat' dir='ltr'>praeterea</span> <span class='ocrx_word' id='word_1_255' title='bbox 1625 867 1800 941; x_wconf 90' lang='lat' dir='ltr'>necrologia</span> <span class='ocrx_word' id='word_1_256' title='bbox 1820 862 1862 943; x_wconf 88' lang='lat' dir='ltr'>(in</span> <span class='ocrx_word' id='word_1_257' title='bbox 1883 884 1938 921; x_wconf 92' lang='lat' dir='ltr'>ro·</span> 
     </span>
     <span class='ocr_line' id='line_1_47' title="bbox 1103 968 1938 1050; baseline -0.004 -22"><span class='ocrx_word' id='word_1_258' title='bbox 1103 969 1184 1050; x_wconf 88' lang='lat' dir='ltr'>tulis)</span> <span class='ocrx_word' id='word_1_259' title='bbox 1211 971 1451 1028; x_wconf 85' lang='lat' dir='ltr'>conventualium</span> <span class='ocrx_word' id='word_1_260' title='bbox 1475 969 1667 1027; x_wconf 88' lang='lat' dir='ltr'>Scotensium</span> <span class='ocrx_word' id='word_1_261' title='bbox 1695 970 1763 1027; x_wconf 86' lang='lat' dir='ltr'>inde</span> <span class='ocrx_word' id='word_1_262' title='bbox 1790 968 1828 1026; x_wconf 90' lang='lat' dir='ltr'>ab</span> <span class='ocrx_word' id='word_1_263' title='bbox 1853 988 1938 1025; x_wconf 89' lang='lat' dir='ltr'>anno</span> 
     </span>
     <span class='ocr_line' id='line_1_48' title="bbox 1107 1072 1939 1150; baseline -0.005 -17"><span class='ocrx_word' id='word_1_264' title='bbox 1107 1073 1270 1148; x_wconf 77' lang='lat'>1830—61</span> <span class='ocrx_word' id='word_1_265' title='bbox 1291 1077 1353 1131; x_wconf 84' lang='lat' dir='ltr'>vita</span> <span class='ocrx_word' id='word_1_266' title='bbox 1367 1072 1585 1143; x_wconf 86' lang='lat' dir='ltr'>defunctorum,</span> <span class='ocrx_word' id='word_1_267' title='bbox 1607 1093 1685 1150; x_wconf 90' lang='lat' dir='ltr'>quae</span> <span class='ocrx_word' id='word_1_268' title='bbox 1706 1073 1939 1149; x_wconf 83' lang='lat' dir='ltr'>diligentissime</span> 
     </span>
     <span class='ocr_line' id='line_1_49' title="bbox 1104 1179 1938 1257; baseline -0.002 -21"><span class='ocrx_word' id='word_1_269' title='bbox 1104 1194 1226 1237; x_wconf 87' lang='lat' dir='ltr'>exarata</span> <span class='ocrx_word' id='word_1_270' title='bbox 1246 1182 1327 1257; x_wconf 90' lang='lat' dir='ltr'>typis</span> <span class='ocrx_word' id='word_1_271' title='bbox 1347 1179 1527 1236; x_wconf 89' lang='lat' dir='ltr'>demandata</span> <span class='ocrx_word' id='word_1_272' title='bbox 1549 1193 1618 1236; x_wconf 89' lang='lat' dir='ltr'>sunt</span> <span class='ocrx_word' id='word_1_273' title='bbox 1634 1180 1768 1237; x_wconf 89' lang='lat' dir='ltr'>Viennae</span> <span class='ocrx_word' id='word_1_274' title='bbox 1790 1181 1885 1236; x_wconf 91' lang='lat' dir='ltr'>variis</span> <span class='ocrx_word' id='word_1_275' title='bbox 1906 1181 1938 1235; x_wconf 92' lang='lat' dir='ltr'>in</span> 
     </span>
     <span class='ocr_line' id='line_1_50' title="bbox 1104 1285 1242 1342; baseline -0.014 0"><span class='ocrx_word' id='word_1_276' title='bbox 1104 1285 1242 1342; x_wconf 81' lang='lat' dir='ltr'>officinis.</span> 
     </span>
    </p>
   </div>
   <div class='ocr_carea' id='block_1_10' title="bbox 1105 1393 1951 3934">
    <p class='ocr_par' dir='ltr' id='par_1_13' title="bbox 1105 1393 1947 3564">
     <span class='ocr_line' id='line_1_51' title="bbox 1192 1393 1938 1488; baseline 0.001 -19"><span class='ocrx_word' id='word_1_277' title='bbox 1192 1393 1348 1469; x_wconf 84' lang='lat' dir='ltr'>Govrik</span> <span class='ocrx_word' id='word_1_278' title='bbox 1386 1401 1614 1488; x_wconf 87' lang='lat' dir='ltr'>Gregorius</span> <span class='ocrx_word' id='word_1_279' title='bbox 1649 1405 1938 1487; x_wconf 85' lang='lat' dir='ltr'>(Mechithari-</span> 
     </span>
     <span class='ocr_line' id='line_1_52' title="bbox 1105 1522 1939 1607; baseline 0.004 -21"><span class='ocrx_word' id='word_1_280' title='bbox 1105 1525 1196 1604; x_wconf 79' lang='lat' dir='ltr'>sta),</span> <span class='ocrx_word' id='word_1_281' title='bbox 1220 1522 1452 1604; x_wconf 90' lang='lat' dir='ltr'>Armenopoli</span> <span class='ocrx_word' id='word_1_282' title='bbox 1477 1524 1597 1606; x_wconf 90' lang='lat' dir='ltr'>(vulgo</span> <span class='ocrx_word' id='word_1_283' title='bbox 1617 1524 1879 1607; x_wconf 76' lang='lat' dir='ltr'>Szamosujvar)</span> <span class='ocrx_word' id='word_1_284' title='bbox 1900 1525 1939 1589; x_wconf 92' lang='lat' dir='ltr'>in</span> 
     </span>
     <span class='ocr_line' id='line_1_53' title="bbox 1105 1644 1940 1729; baseline 0.005 -23"><span class='ocrx_word' id='word_1_285' title='bbox 1105 1644 1370 1707; x_wconf 86' lang='lat' dir='ltr'>Transsilvania</span> <span class='ocrx_word' id='word_1_286' title='bbox 1383 1645 1440 1707; x_wconf 92' lang='lat' dir='ltr'>die</span> <span class='ocrx_word' id='word_1_287' title='bbox 1457 1665 1504 1723; x_wconf 89' lang='lat'>14.</span> <span class='ocrx_word' id='word_1_288' title='bbox 1513 1645 1600 1708; x_wconf 89' lang='lat' dir='ltr'>Maii</span> <span class='ocrx_word' id='word_1_289' title='bbox 1613 1650 1693 1724; x_wconf 87' lang='lat'>1846</span> <span class='ocrx_word' id='word_1_290' title='bbox 1705 1646 1940 1729; x_wconf 91' lang='lat' dir='ltr'>natus,Vien·</span> 
     </span>
     <span class='ocr_line' id='line_1_54' title="bbox 1106 1766 1938 1849; baseline 0.002 -19"><span class='ocrx_word' id='word_1_291' title='bbox 1106 1787 1174 1830; x_wconf 88' lang='lat' dir='ltr'>nae</span> <span class='ocrx_word' id='word_1_292' title='bbox 1194 1766 1231 1829; x_wconf 93' lang='lat' dir='ltr'>in</span> <span class='ocrx_word' id='word_1_293' title='bbox 1250 1767 1398 1830; x_wconf 90' lang='lat' dir='ltr'>Austria</span> <span class='ocrx_word' id='word_1_294' title='bbox 1419 1767 1543 1830; x_wconf 89' lang='lat' dir='ltr'>habitu</span> <span class='ocrx_word' id='word_1_295' title='bbox 1564 1787 1591 1829; x_wconf 79' lang='lat' dir='ltr'>s,</span> <span class='ocrx_word' id='word_1_296' title='bbox 1614 1768 1671 1830; x_wconf 92' lang='lat' dir='ltr'>die</span> <span class='ocrx_word' id='word_1_297' title='bbox 1694 1788 1721 1848; x_wconf 85' lang='lat'>7.</span> <span class='ocrx_word' id='word_1_298' title='bbox 1738 1768 1829 1832; x_wconf 92' lang='lat' dir='ltr'>Nov.</span> <span class='ocrx_word' id='word_1_299' title='bbox 1857 1774 1938 1849; x_wconf 86' lang='grc'>1857</span> 
     </span>
     <span class='ocr_line' id='line_1_55' title="bbox 1106 1890 1942 1974; baseline 0.001 -20"><span class='ocrx_word' id='word_1_300' title='bbox 1106 1891 1261 1971; x_wconf 87' lang='lat' dir='ltr'>indutus,</span> <span class='ocrx_word' id='word_1_301' title='bbox 1286 1890 1343 1953; x_wconf 89' lang='lat' dir='ltr'>die</span> <span class='ocrx_word' id='word_1_302' title='bbox 1365 1911 1415 1968; x_wconf 84' lang='lat'>24.</span> <span class='ocrx_word' id='word_1_303' title='bbox 1432 1890 1527 1972; x_wconf 88' lang='lat' dir='ltr'>Aug.</span> <span class='ocrx_word' id='word_1_304' title='bbox 1548 1894 1629 1969; x_wconf 79' lang='grc'>1850</span> <span class='ocrx_word' id='word_1_305' title='bbox 1646 1901 1730 1954; x_wconf 90' lang='lat' dir='ltr'>vota</span> <span class='ocrx_word' id='word_1_306' title='bbox 1753 1891 1881 1974; x_wconf 89' lang='lat' dir='ltr'>emisit,</span> <span class='ocrx_word' id='word_1_307' title='bbox 1904 1901 1942 1955; x_wconf 93' lang='lat' dir='ltr'>et</span> 
     </span>
     <span class='ocr_line' id='line_1_56' title="bbox 1108 2012 1941 2097; baseline 0.001 -21"><span class='ocrx_word' id='word_1_308' title='bbox 1108 2013 1165 2076; x_wconf 90' lang='lat' dir='ltr'>die</span> <span class='ocrx_word' id='word_1_309' title='bbox 1183 2035 1212 2093; x_wconf 85' lang='lat'>9.</span> <span class='ocrx_word' id='word_1_310' title='bbox 1225 2012 1310 2075; x_wconf 92' lang='lat' dir='ltr'>Maii</span> <span class='ocrx_word' id='word_1_311' title='bbox 1327 2017 1403 2074; x_wconf 83' lang='lat'>1861</span> <span class='ocrx_word' id='word_1_312' title='bbox 1424 2021 1652 2076; x_wconf 90' lang='lat' dir='ltr'>consecratus</span> <span class='ocrx_word' id='word_1_313' title='bbox 1668 2023 1724 2077; x_wconf 91' lang='lat' dir='ltr'>est</span> <span class='ocrx_word' id='word_1_314' title='bbox 1737 2016 1941 2097; x_wconf 89' lang='lat' dir='ltr'>presbyter.</span> 
     </span>
     <span class='ocr_line' id='line_1_57' title="bbox 1108 2134 1942 2217; baseline 0.002 -20"><span class='ocrx_word' id='word_1_315' title='bbox 1108 2136 1148 2198; x_wconf 90' lang='lat' dir='ltr'>In</span> <span class='ocrx_word' id='word_1_316' title='bbox 1173 2134 1387 2197; x_wconf 91' lang='lat' dir='ltr'>monasterio</span> <span class='ocrx_word' id='word_1_317' title='bbox 1414 2134 1555 2217; x_wconf 88' lang='lat' dir='ltr'>peregit</span> <span class='ocrx_word' id='word_1_318' title='bbox 1581 2154 1646 2216; x_wconf 90' lang='lat' dir='ltr'>per</span> <span class='ocrx_word' id='word_1_319' title='bbox 1667 2135 1803 2217; x_wconf 90' lang='lat' dir='ltr'>aliquot</span> <span class='ocrx_word' id='word_1_320' title='bbox 1826 2156 1942 2199; x_wconf 91' lang='lat' dir='ltr'>annos</span> 
     </span>
     <span class='ocr_line' id='line_1_58' title="bbox 1109 2255 1943 2342; baseline 0.004 -23"><span class='ocrx_word' id='word_1_321' title='bbox 1109 2256 1225 2319; x_wconf 89' lang='lat' dir='ltr'>officia</span> <span class='ocrx_word' id='word_1_322' title='bbox 1253 2256 1436 2319; x_wconf 87' lang='lat' dir='ltr'>directoris</span> <span class='ocrx_word' id='word_1_323' title='bbox 1465 2255 1628 2319; x_wconf 87' lang='lat' dir='ltr'>officinae</span> <span class='ocrx_word' id='word_1_324' title='bbox 1654 2259 1943 2342; x_wconf 83' lang='lat' dir='ltr'>typographicae</span> 
     </span>
     <span class='ocr_line' id='line_1_59' title="bbox 1110 2377 1943 2461; baseline 0.005 -21"><span class='ocrx_word' id='word_1_325' title='bbox 1110 2387 1146 2441; x_wconf 91' lang='lat' dir='ltr'>et</span> <span class='ocrx_word' id='word_1_326' title='bbox 1166 2377 1377 2461; x_wconf 82' lang='lat' dir='ltr'>professoris</span> <span class='ocrx_word' id='word_1_327' title='bbox 1398 2377 1567 2442; x_wconf 87' lang='lat' dir='ltr'>historiae</span> <span class='ocrx_word' id='word_1_328' title='bbox 1587 2379 1797 2443; x_wconf 90' lang='lat' dir='ltr'>universalis</span> <span class='ocrx_word' id='word_1_329' title='bbox 1818 2390 1856 2444; x_wconf 92' lang='lat' dir='ltr'>et</span> <span class='ocrx_word' id='word_1_330' title='bbox 1873 2382 1943 2444; x_wconf 91' lang='lat' dir='ltr'>Ar·</span> 
     </span>
     <span class='ocr_line' id='line_1_60' title="bbox 1110 2502 1943 2581; baseline 0.002 -17"><span class='ocrx_word' id='word_1_331' title='bbox 1110 2520 1300 2564; x_wconf 90' lang='lat' dir='ltr'>menorum.</span> <span class='ocrx_word' id='word_1_332' title='bbox 1328 2502 1435 2563; x_wconf 91' lang='lat' dir='ltr'>Anno</span> <span class='ocrx_word' id='word_1_333' title='bbox 1455 2506 1533 2581; x_wconf 89' lang='lat'>1872</span> <span class='ocrx_word' id='word_1_334' title='bbox 1552 2502 1679 2565; x_wconf 91' lang='lat' dir='ltr'>missus</span> <span class='ocrx_word' id='word_1_335' title='bbox 1695 2512 1750 2565; x_wconf 91' lang='lat' dir='ltr'>est</span> <span class='ocrx_word' id='word_1_336' title='bbox 1766 2502 1943 2566; x_wconf 90' lang='lat' dir='ltr'>Constan-</span> 
     </span>
     <span class='ocr_line' id='line_1_61' title="bbox 1109 2623 1943 2709; baseline 0.002 -23"><span class='ocrx_word' id='word_1_337' title='bbox 1109 2623 1311 2706; x_wconf 91' lang='lat' dir='ltr'>tinopolim,</span> <span class='ocrx_word' id='word_1_338' title='bbox 1344 2624 1403 2686; x_wconf 91' lang='lat' dir='ltr'>ubi</span> <span class='ocrx_word' id='word_1_339' title='bbox 1434 2643 1499 2705; x_wconf 91' lang='lat' dir='ltr'>per</span> <span class='ocrx_word' id='word_1_340' title='bbox 1530 2628 1548 2686; x_wconf 83' lang='lat'><em>5</em></span> <span class='ocrx_word' id='word_1_341' title='bbox 1579 2644 1691 2687; x_wconf 90' lang='lat' dir='ltr'>annos</span> <span class='ocrx_word' id='word_1_342' title='bbox 1721 2625 1756 2688; x_wconf 91' lang='lat' dir='ltr'>in</span> <span class='ocrx_word' id='word_1_343' title='bbox 1788 2626 1943 2709; x_wconf 91' lang='lat' dir='ltr'>collegio</span> 
     </span>
     <span class='ocr_line' id='line_1_62' title="bbox 1110 2744 1944 2828; baseline 0.005 -21"><span class='ocrx_word' id='word_1_344' title='bbox 1110 2744 1277 2808; x_wconf 90' lang='lat' dir='ltr'>Mechith.</span> <span class='ocrx_word' id='word_1_345' title='bbox 1290 2745 1444 2808; x_wconf 91' lang='lat' dir='ltr'>Vindob.</span> <span class='ocrx_word' id='word_1_346' title='bbox 1461 2745 1581 2808; x_wconf 89' lang='lat' dir='ltr'>docuit</span> <span class='ocrx_word' id='word_1_347' title='bbox 1596 2745 1680 2828; x_wconf 92' lang='lat' dir='ltr'>ling.</span> <span class='ocrx_word' id='word_1_348' title='bbox 1694 2745 1891 2810; x_wconf 90' lang='lat' dir='ltr'>Armenam</span> <span class='ocrx_word' id='word_1_349' title='bbox 1907 2757 1944 2811; x_wconf 94' lang='lat' dir='ltr'>et</span> 
     </span>
     <span class='ocr_line' id='line_1_63' title="bbox 1111 2866 1943 2941; baseline 0.002 -10"><span class='ocrx_word' id='word_1_350' title='bbox 1111 2866 1372 2941; x_wconf 90' lang='lat' dir='ltr'>Germanicam;</span> <span class='ocrx_word' id='word_1_351' title='bbox 1394 2868 1480 2931; x_wconf 91' lang='lat' dir='ltr'>item</span> <span class='ocrx_word' id='word_1_352' title='bbox 1500 2868 1683 2931; x_wconf 93' lang='lat' dir='ltr'>historiam</span> <span class='ocrx_word' id='word_1_353' title='bbox 1703 2870 1943 2934; x_wconf 82' lang='lat' dir='ltr'>universalem</span> 
     </span>
     <span class='ocr_line' id='line_1_64' title="bbox 1111 2990 1942 3075; baseline 0.006 -22"><span class='ocrx_word' id='word_1_354' title='bbox 1111 3000 1147 3053; x_wconf 91' lang='lat' dir='ltr'>et</span> <span class='ocrx_word' id='word_1_355' title='bbox 1160 2990 1375 3053; x_wconf 88' lang='lat' dir='ltr'>nationalem</span> <span class='ocrx_word' id='word_1_356' title='bbox 1389 2990 1605 3073; x_wconf 89' lang='lat' dir='ltr'>(Armenam)</span> <span class='ocrx_word' id='word_1_357' title='bbox 1623 3000 1659 3055; x_wconf 88' lang='lat' dir='ltr'>et</span> <span class='ocrx_word' id='word_1_358' title='bbox 1671 2994 1942 3075; x_wconf 88' lang='lat' dir='ltr'>geographiam.</span> 
     </span>
     <span class='ocr_line' id='line_1_65' title="bbox 1110 3113 1945 3201; baseline 0.006 -26"><span class='ocrx_word' id='word_1_359' title='bbox 1110 3113 1217 3175; x_wconf 91' lang='lat' dir='ltr'>Anno</span> <span class='ocrx_word' id='word_1_360' title='bbox 1248 3118 1326 3193; x_wconf 82' lang='lat'>1877</span> <span class='ocrx_word' id='word_1_361' title='bbox 1355 3113 1531 3177; x_wconf 91' lang='lat' dir='ltr'>Viennam</span> <span class='ocrx_word' id='word_1_362' title='bbox 1561 3125 1750 3178; x_wconf 88' lang='lat' dir='ltr'>revocatus</span> <span class='ocrx_word' id='word_1_363' title='bbox 1781 3115 1945 3201; x_wconf 88' lang='lat' dir='ltr'>fungitur</span> 
     </span>
     <span class='ocr_line' id='line_1_66' title="bbox 1111 3234 1945 3304; baseline 0.008 -7"><span class='ocrx_word' id='word_1_364' title='bbox 1111 3254 1255 3299; x_wconf 91' lang='lat' dir='ltr'>munere</span> <span class='ocrx_word' id='word_1_365' title='bbox 1275 3234 1483 3298; x_wconf 87' lang='lat' dir='ltr'>confessarii</span> <span class='ocrx_word' id='word_1_366' title='bbox 1504 3236 1710 3300; x_wconf 90' lang='lat' dir='ltr'>clericorum</span> <span class='ocrx_word' id='word_1_367' title='bbox 1735 3248 1771 3301; x_wconf 90' lang='lat' dir='ltr'>et</span> <span class='ocrx_word' id='word_1_368' title='bbox 1790 3240 1945 3304; x_wconf 90' lang='lat' dir='ltr'>novitio·</span> 
     </span>
     <span class='ocr_line' id='line_1_67' title="bbox 1110 3356 1947 3441; baseline 0.007 -22"><span class='ocrx_word' id='word_1_369' title='bbox 1110 3377 1198 3440; x_wconf 90' lang='lat' dir='ltr'>rum,</span> <span class='ocrx_word' id='word_1_370' title='bbox 1215 3368 1252 3422; x_wconf 90' lang='lat' dir='ltr'>et</span> <span class='ocrx_word' id='word_1_371' title='bbox 1266 3356 1478 3439; x_wconf 83' lang='lat' dir='ltr'>professoris</span> <span class='ocrx_word' id='word_1_372' title='bbox 1490 3359 1732 3441; x_wconf 87' lang='lat' dir='ltr'>geographiae</span> <span class='ocrx_word' id='word_1_373' title='bbox 1749 3361 1947 3425; x_wconf 90' lang='lat' dir='ltr'>mathema·&#39;</span> 
     </span>
     <span class='ocr_line' id='line_1_68' title="bbox 1111 3481 1453 3564; baseline 0.006 -21"><span class='ocrx_word' id='word_1_374' title='bbox 1111 3481 1204 3543; x_wconf 91' lang='lat' dir='ltr'>ticae</span> <span class='ocrx_word' id='word_1_375' title='bbox 1221 3490 1257 3544; x_wconf 91' lang='lat' dir='ltr'>et</span> <span class='ocrx_word' id='word_1_376' title='bbox 1273 3481 1453 3564; x_wconf 90' lang='lat' dir='ltr'>physicae.</span> 
     </span>
    </p>

    <p class='ocr_par' dir='ltr' id='par_1_14' title="bbox 1114 3602 1948 3808">
     <span class='ocr_line' id='line_1_69' title="bbox 1200 3602 1948 3687; baseline 0.004 -19"><span class='ocrx_word' id='word_1_377' title='bbox 1200 3602 1319 3686; x_wconf 89' lang='lat' dir='ltr'>Opera</span> <span class='ocrx_word' id='word_1_378' title='bbox 1349 3605 1395 3665; x_wconf 91' lang='lat' dir='ltr'>ab</span> <span class='ocrx_word' id='word_1_379' title='bbox 1424 3622 1466 3666; x_wconf 88' lang='lat' dir='ltr'>eo</span> <span class='ocrx_word' id='word_1_380' title='bbox 1493 3603 1529 3666; x_wconf 92' lang='lat' dir='ltr'>in</span> <span class='ocrx_word' id='word_1_381' title='bbox 1555 3603 1676 3687; x_wconf 87' lang='lat' dir='ltr'>lingua</span> <span class='ocrx_word' id='word_1_382' title='bbox 1704 3603 1948 3671; x_wconf 83' lang='lat' dir='ltr'>Neo-armena</span> 
     </span>
     <span class='ocr_line' id='line_1_70' title="bbox 1114 3725 1338 3808; baseline 0 -20"><span class='ocrx_word' id='word_1_383' title='bbox 1114 3725 1211 3808; x_wconf 89' lang='lat' dir='ltr'>typis</span> <span class='ocrx_word' id='word_1_384' title='bbox 1228 3725 1338 3788; x_wconf 88' lang='lat' dir='ltr'>edita:</span> 
     </span>
    </p>

    <p class='ocr_par' dir='ltr' id='par_1_15' title="bbox 1201 3850 1951 3934">
     <span class='ocr_line' id='line_1_71' title="bbox 1201 3850 1951 3934; baseline 0.008 -28"><span class='ocrx_word' id='word_1_385' title='bbox 1201 3852 1224 3907; x_wconf 95' lang='lat' dir='ltr'>l.</span> <span class='ocrx_word' id='word_1_386' title='bbox 1241 3853 1380 3926; x_wconf 62' lang='lat' dir='ltr'>{kmtmffi</span> <span class='ocrx_word' id='word_1_387' title='bbox 1395 3850 1649 3930; x_wconf 53' lang='lat' dir='ltr'>mgeavmfflbmb,</span> <span class='ocrx_word' id='word_1_388' title='bbox 1667 3854 1685 3909; x_wconf 95' lang='lat' dir='ltr'>i.</span> <span class='ocrx_word' id='word_1_389' title='bbox 1702 3872 1729 3909; x_wconf 88' lang='lat' dir='ltr'>e.</span> <span class='ocrx_word' id='word_1_390' title='bbox 1746 3853 1849 3910; x_wconf 83' lang='lat' dir='ltr'>Clavis</span> <span class='ocrx_word' id='word_1_391' title='bbox 1866 3852 1951 3934; x_wconf 88' lang='lat' dir='ltr'>(cae-</span> 
     </span>
    </p>
   </div>
   <div class='ocr_carea' id='block_1_11' title="bbox 1114 3952 1949 4134">
    <p class='ocr_par' dir='ltr' id='par_1_16' title="bbox 1114 3952 1949 4134">
     <span class='ocr_line' id='line_1_72' title="bbox 1114 3952 1949 4036; baseline 0.007 -25"><span class='ocrx_word' id='word_1_392' title='bbox 1114 3952 1221 4034; x_wconf 85' lang='lat' dir='ltr'>lorum)</span> <span class='ocrx_word' id='word_1_393' title='bbox 1245 3958 1339 4031; x_wconf 91' lang='lat' dir='ltr'>regni.</span> <span class='ocrx_word' id='word_1_394' title='bbox 1365 3954 1461 4012; x_wconf 92' lang='lat' dir='ltr'>Liber</span> <span class='ocrx_word' id='word_1_395' title='bbox 1483 3958 1662 4012; x_wconf 87' lang='lat' dir='ltr'>orationum.</span> <span class='ocrx_word' id='word_1_396' title='bbox 1688 3957 1838 4025; x_wconf 89' lang='lat' dir='ltr'>Viennae,</span> <span class='ocrx_word' id='word_1_397' title='bbox 1866 3962 1949 4036; x_wconf 81' lang='lat' dir='ltr'>typis</span> 
     </span>
     <span class='ocr_line' id='line_1_73' title="bbox 1114 4059 1368 4134; baseline 0 -18"><span class='ocrx_word' id='word_1_398' title='bbox 1114 4061 1256 4117; x_wconf 86' lang='lat' dir='ltr'>Mechith.</span> <span class='ocrx_word' id='word_1_399' title='bbox 1278 4059 1368 4134; x_wconf 81' lang='lat'>1867.</span> 
     </span>
    </p>
   </div>
   <div class='ocr_carea' id='block_1_12' title="bbox 1115 4163 1950 4449">
    <p class='ocr_par' dir='ltr' id='par_1_17' title="bbox 1115 4163 1950 4449">
     <span class='ocr_line' id='line_1_74' title="bbox 1202 4163 1948 4239; baseline 0 -25"><span class='ocrx_word' id='word_1_400' title='bbox 1202 4164 1437 4239; x_wconf 47' lang='grc'>1171170117.</span> <span class='ocrx_word' id='word_1_401' title='bbox 1454 4163 1686 4238; x_wconf 57' lang='lat' dir='ltr'>‹ryamntppa</span> <span class='ocrx_word' id='word_1_402' title='bbox 1702 4163 1875 4234; x_wconf 53' lang='lat' dir='ltr'>comm,</span> <span class='ocrx_word' id='word_1_403' title='bbox 1889 4168 1908 4223; x_wconf 80' lang='lat' dir='ltr'>i.</span> <span class='ocrx_word' id='word_1_404' title='bbox 1919 4186 1948 4224; x_wconf 87' lang='lat' dir='ltr'>e.</span> 
     </span>
     <span class='ocr_line' id='line_1_75' title="bbox 1115 4232 1950 4328; baseline 0.001 -1"><span class='ocrx_word' id='word_1_405' title='bbox 1115 4272 1221 4327; x_wconf 83' lang='lat' dir='ltr'>Brevis</span> <span class='ocrx_word' id='word_1_406' title='bbox 1248 4232 1373 4326; x_wconf 83' lang='lat' dir='ltr'>historia</span> <span class='ocrx_word' id='word_1_407' title='bbox 1400 4269 1578 4326; x_wconf 82' lang='lat' dir='ltr'>universalis</span> <span class='ocrx_word' id='word_1_408' title='bbox 1606 4270 1634 4324; x_wconf 90' lang='grc'>111</span> <span class='ocrx_word' id='word_1_409' title='bbox 1662 4288 1747 4326; x_wconf 91' lang='lat' dir='ltr'>usum</span> <span class='ocrx_word' id='word_1_410' title='bbox 1774 4270 1950 4328; x_wconf 89' lang='lat' dir='ltr'>scholarum</span> 
     </span>
     <span class='ocr_line' id='line_1_76' title="bbox 1116 4372 1848 4449; baseline 0 -18"><span class='ocrx_word' id='word_1_411' title='bbox 1116 4374 1318 4431; x_wconf 91' lang='lat' dir='ltr'>nationalium.</span> <span class='ocrx_word' id='word_1_412' title='bbox 1335 4375 1479 4440; x_wconf 88' lang='lat' dir='ltr'>Viennae,</span> <span class='ocrx_word' id='word_1_413' title='bbox 1497 4375 1577 4449; x_wconf 90' lang='lat' dir='ltr'>typis</span> <span class='ocrx_word' id='word_1_414' title='bbox 1593 4374 1735 4430; x_wconf 88' lang='lat' dir='ltr'>Mechith.</span> <span class='ocrx_word' id='word_1_415' title='bbox 1758 4372 1848 4448; x_wconf 80' lang='lat'>1879.</span> 
     </span>
    </p>
   </div>
   <div class='ocr_carea' id='block_1_13' title="bbox 1116 4477 1951 4659">
    <p class='ocr_par' dir='ltr' id='par_1_18' title="bbox 1116 4477 1951 4659">
     <span class='ocr_line' id='line_1_77' title="bbox 1203 4477 1951 4554; baseline -0.005 -1"><span class='ocrx_word' id='word_1_416' title='bbox 1203 4479 1255 4535; x_wconf 86' lang='lat'>111.</span> <span class='ocrx_word' id='word_1_417' title='bbox 1270 4480 1487 4554; x_wconf 58' lang='lat' dir='ltr'>herivei-ul</span> <span class='ocrx_word' id='word_1_418' title='bbox 1502 4477 1779 4552; x_wconf 61' lang='lat' dir='ltr'>tricenae-sthi·</span> <span class='ocrx_word' id='word_1_419' title='bbox 1793 4480 1811 4534; x_wconf 87' lang='lat' dir='ltr'>i·</span> <span class='ocrx_word' id='word_1_420' title='bbox 1822 4498 1850 4534; x_wconf 72' lang='lat' dir='ltr'>e·</span> <span class='ocrx_word' id='word_1_421' title='bbox 1864 4477 1951 4536; x_wconf 78' lang='lat' dir='ltr'>Geo-</span> 
     </span>
     <span class='ocr_line' id='line_1_78' title="bbox 1116 4579 1951 4659; baseline 0.002 -21"><span class='ocrx_word' id='word_1_422' title='bbox 1116 4583 1245 4659; x_wconf 87' lang='lat' dir='ltr'>graphia</span> <span class='ocrx_word' id='word_1_423' title='bbox 1257 4582 1444 4639; x_wconf 85' lang='lat' dir='ltr'>universalis.</span> <span class='ocrx_word' id='word_1_424' title='bbox 1462 4582 1485 4637; x_wconf 93' lang='lat' dir='ltr'>l.</span> <span class='ocrx_word' id='word_1_425' title='bbox 1502 4580 1672 4637; x_wconf 82' lang='lat' dir='ltr'>fasciculus.</span> <span class='ocrx_word' id='word_1_426' title='bbox 1691 4579 1817 4659; x_wconf 80' lang='lat' dir='ltr'>(Geogr.</span> <span class='ocrx_word' id='word_1_427' title='bbox 1833 4582 1951 4640; x_wconf 90' lang='lat' dir='ltr'>mathe-</span> 
     </span>
    </p>
   </div>
   <div class='ocr_carea' id='block_1_14' title="bbox 1116 4683 1953 5498">
    <p class='ocr_par' dir='ltr' id='par_1_19' title="bbox 1117 4683 1950 4765">
     <span class='ocr_line' id='line_1_79' title="bbox 1117 4683 1950 4765; baseline 0.001 -21"><span class='ocrx_word' id='word_1_428' title='bbox 1117 4690 1225 4744; x_wconf 91' lang='lat' dir='ltr'>matica</span> <span class='ocrx_word' id='word_1_429' title='bbox 1238 4700 1268 4744; x_wconf 91' lang='lat' dir='ltr'>et</span> <span class='ocrx_word' id='word_1_430' title='bbox 1280 4683 1428 4765; x_wconf 81' lang='lat' dir='ltr'>physica.)</span> <span class='ocrx_word' id='word_1_431' title='bbox 1444 4687 1588 4751; x_wconf 87' lang='lat' dir='ltr'>Viennae,</span> <span class='ocrx_word' id='word_1_432' title='bbox 1602 4687 1682 4762; x_wconf 90' lang='lat' dir='ltr'>typis</span> <span class='ocrx_word' id='word_1_433' title='bbox 1694 4686 1837 4743; x_wconf 88' lang='lat' dir='ltr'>Mechith.</span> <span class='ocrx_word' id='word_1_434' title='bbox 1856 4686 1950 4760; x_wconf 88' lang='lat'>1871.</span> 
     </span>
    </p>

    <p class='ocr_par' dir='ltr' id='par_1_20' title="bbox 1116 4797 1953 5498">
     <span class='ocr_line' id='line_1_80' title="bbox 1205 4797 1950 4893; baseline 0.005 -23"><span class='ocrx_word' id='word_1_435' title='bbox 1205 4797 1437 4893; x_wconf 88' lang='lat' dir='ltr'>Grabinger</span> <span class='ocrx_word' id='word_1_436' title='bbox 1465 4808 1677 4891; x_wconf 83' lang='lat' dir='ltr'>Aegidius</span> <span class='ocrx_word' id='word_1_437' title='bbox 1702 4808 1950 4893; x_wconf 84' lang='lat' dir='ltr'>(Scotensis)</span> 
     </span>
     <span class='ocr_line' id='line_1_81' title="bbox 1117 4924 1952 5010; baseline 0.005 -20"><span class='ocrx_word' id='word_1_438' title='bbox 1117 4924 1365 5008; x_wconf 84' lang='lat' dir='ltr'>Schwandorf,</span> <span class='ocrx_word' id='word_1_439' title='bbox 1390 4927 1425 4989; x_wconf 94' lang='lat' dir='ltr'>in</span> <span class='ocrx_word' id='word_1_440' title='bbox 1447 4927 1624 4991; x_wconf 90' lang='lat' dir='ltr'>Bavariae</span> <span class='ocrx_word' id='word_1_441' title='bbox 1647 4929 1742 5010; x_wconf 90' lang='lat' dir='ltr'>vico,</span> <span class='ocrx_word' id='word_1_442' title='bbox 1766 4938 1872 4992; x_wconf 90' lang='lat' dir='ltr'>natus</span> <span class='ocrx_word' id='word_1_443' title='bbox 1892 4939 1952 4994; x_wconf 90' lang='lat' dir='ltr'>est</span> 
     </span>
     <span class='ocr_line' id='line_1_82' title="bbox 1119 5047 1950 5131; baseline 0.006 -21"><span class='ocrx_word' id='word_1_444' title='bbox 1119 5049 1176 5111; x_wconf 91' lang='lat' dir='ltr'>die</span> <span class='ocrx_word' id='word_1_445' title='bbox 1194 5052 1244 5111; x_wconf 83' lang='lat'>25.</span> <span class='ocrx_word' id='word_1_446' title='bbox 1261 5047 1335 5110; x_wconf 93' lang='lat' dir='ltr'>lan.</span> <span class='ocrx_word' id='word_1_447' title='bbox 1356 5052 1447 5130; x_wconf 81' lang='lat'>1760,</span> <span class='ocrx_word' id='word_1_448' title='bbox 1464 5068 1614 5131; x_wconf 91' lang='lat' dir='ltr'>cumque</span> <span class='ocrx_word' id='word_1_449' title='bbox 1635 5050 1692 5112; x_wconf 92' lang='lat' dir='ltr'>die</span> <span class='ocrx_word' id='word_1_450' title='bbox 1715 5054 1744 5113; x_wconf 82' lang='grc'>5.</span> <span class='ocrx_word' id='word_1_451' title='bbox 1762 5048 1840 5113; x_wconf 86' lang='grc'>001.</span> <span class='ocrx_word' id='word_1_452' title='bbox 1867 5057 1950 5131; x_wconf 80' lang='grc'>1703</span> 
     </span>
     <span class='ocr_line' id='line_1_83' title="bbox 1117 5169 1952 5255; baseline 0.005 -23"><span class='ocrx_word' id='word_1_453' title='bbox 1117 5170 1153 5232; x_wconf 91' lang='lat' dir='ltr'>in</span> <span class='ocrx_word' id='word_1_454' title='bbox 1169 5169 1328 5233; x_wconf 91' lang='lat' dir='ltr'>ordinem</span> <span class='ocrx_word' id='word_1_455' title='bbox 1340 5190 1367 5234; x_wconf 97' lang='lat' dir='ltr'>s.</span> <span class='ocrx_word' id='word_1_456' title='bbox 1378 5170 1417 5233; x_wconf 94' lang='lat' dir='ltr'>P.</span> <span class='ocrx_word' id='word_1_457' title='bbox 1428 5190 1460 5233; x_wconf 92' lang='grc'>11.</span> <span class='ocrx_word' id='word_1_458' title='bbox 1471 5170 1657 5233; x_wconf 91' lang='lat' dir='ltr'>Benedicti</span> <span class='ocrx_word' id='word_1_459' title='bbox 1670 5180 1766 5234; x_wconf 91' lang='lat' dir='ltr'>esset</span> <span class='ocrx_word' id='word_1_460' title='bbox 1778 5171 1952 5255; x_wconf 90' lang='lat' dir='ltr'>adscitus,</span> 
     </span>
     <span class='ocr_line' id='line_1_84' title="bbox 1117 5291 1953 5372; baseline 0.005 -18"><span class='ocrx_word' id='word_1_461' title='bbox 1117 5301 1202 5355; x_wconf 89' lang='lat' dir='ltr'>vota</span> <span class='ocrx_word' id='word_1_462' title='bbox 1211 5292 1393 5355; x_wconf 90' lang='lat' dir='ltr'>sollemnia</span> <span class='ocrx_word' id='word_1_463' title='bbox 1402 5292 1518 5354; x_wconf 91' lang='lat' dir='ltr'>emisit</span> <span class='ocrx_word' id='word_1_464' title='bbox 1530 5293 1587 5355; x_wconf 88' lang='lat' dir='ltr'>die</span> <span class='ocrx_word' id='word_1_465' title='bbox 1597 5297 1627 5356; x_wconf 82' lang='lat'>5.</span> <span class='ocrx_word' id='word_1_466' title='bbox 1639 5291 1719 5358; x_wconf 90' lang='lat' dir='ltr'>Oct.</span> <span class='ocrx_word' id='word_1_467' title='bbox 1733 5312 1824 5372; x_wconf 84' lang='lat'>1794.</span> <span class='ocrx_word' id='word_1_468' title='bbox 1834 5293 1953 5358; x_wconf 92' lang='lat' dir='ltr'>Paulo</span> 
     </span>
     <span class='ocr_line' id='line_1_85' title="bbox 1116 5414 1953 5498; baseline 0.006 -21"><span class='ocrx_word' id='word_1_469' title='bbox 1116 5425 1307 5496; x_wconf 90' lang='lat' dir='ltr'>postquam</span> <span class='ocrx_word' id='word_1_470' title='bbox 1323 5414 1496 5495; x_wconf 90' lang='lat' dir='ltr'>primitias</span> <span class='ocrx_word' id='word_1_471' title='bbox 1510 5415 1589 5478; x_wconf 91' lang='lat' dir='ltr'>Deo</span> <span class='ocrx_word' id='word_1_472' title='bbox 1607 5416 1801 5479; x_wconf 90' lang='lat' dir='ltr'>celebravit</span> <span class='ocrx_word' id='word_1_473' title='bbox 1821 5415 1879 5480; x_wconf 89' lang='lat' dir='ltr'>die</span> <span class='ocrx_word' id='word_1_474' title='bbox 1901 5436 1953 5498; x_wconf 93' lang='grc'>17.</span> 
     </span>
    </p>
   </div>
   <div class='ocr_carea' id='block_1_15' title="bbox 0 0 2149 6112">
    <p class='ocr_par' dir='ltr' id='par_1_21' title="bbox 0 0 2149 6112">
     <span class='ocr_line' id='line_1_86' title="bbox 0 0 2149 6112; baseline 0 0"><span class='ocrx_word' id='word_1_475' title='bbox 0 0 2149 6112; x_wconf 95' lang='lat' dir='ltr'> </span> 
     </span>
    </p>
   </div>
  </div>
 </body>
</html>
