4252 6112
965 462 1164 523 ..C-

194 691 314 772 plures
330 689 608 769 disputationes:
633 698 672 750 ut
690 688 1022 769 ,Phlebotomiam“‚
1049 689 1113 770 „de
1130 687 1306 769 positione
1329 706 1392 750 seu
1408 687 1649 769 applicatione
1664 688 1925 767 ventosarum“,

196 828 356 909 „nomina
380 825 599 889 morborum“
617 827 638 907 Ι)
664 825 815 906 scripsit.

324 967 459 1030 Maiore
483 966 600 1029 studio
624 966 787 1028 monachi
815 985 1014 1028 sermonum
1042 985 1175 1048 genera
1203 965 1360 1047 amplexi
1392 974 1482 1028 sunt.
1529 963 1711 1028 Sermonis
1735 962 1867 1027 Graeci
1891 974 1925 1027 et

194 1106 364 1169 Hebraici
388 1104 592 1188 peritissimi
616 1106 840 1168 celebrantur
863 1115 1017 1167 exeunte
1042 1106 1185 1167 saeculo
1202 1105 1286 1168 XV.
1310 1104 1552 1187 Wolfgangus
1576 1106 1620 1166 de
1644 1102 1752 1188 Styra
1777 1115 1813 1167 et
1838 1104 1925 1166 Leo-

193 1247 323 1308 nardus
346 1243 520 1307 Felddorf
538 1244 700 1305 monachi
723 1242 965 1324 MellicenseS,
989 1263 1137 1325 quorum
1165 1243 1340 1324 posterior
1362 1244 1550 1306 summaria
1574 1263 1620 1305 ex
1643 1242 1792 1325 Seneca,
1818 1242 1924 1326 Sym·

193 1386 336 1464 macho,
365 1382 597 1464 Guintiliano,
630 1382 839 1463 Aristotele,
870 1383 1091 1465 Hippocrate
1122 1383 1218 1445 facta
1247 1381 1389 1463 reliquit
1422 1392 1458 1446 et
1489 1383 1754 1445 vocabularium
1783 1383 1925 1446 Latino·

195 1523 442 1587 Germanicum
467 1522 719 1604 conscripsisse
744 1532 890 1604 putatur
904 1523 938 1601 ²).

321 1664 376 1726 Ex
398 1682 544 1726 numero
568 1682 698 1742 eorum,
723 1662 841 1743 quiin
865 1662 1077 1727 carminibus
1101 1661 1211 1724 sacris
1234 1661 1430 1724 scribendis
1446 1663 1690 1742 versabantur,
1715 1661 1923 1724 nominandi

192 1814 275 1867 sunt
290 1806 418 1867 Petrus
443 1804 486 1865 de
502 1801 721 1864 Rosenheim
744 1802 840 1883 prior
855 1801 1071 1864 Mellicensis
1088 1813 1123 1864 et
1139 1803 1345 1864 Leonardus
1361 1802 1512 1884 Peuger,
1536 1803 1615 1864 loco
1637 1800 1795 1882 equestri
1811 1810 1925 1881 ortus,

194 1944 351 2006 eiusdem
375 1941 578 2004 monasterii
601 1940 711 2002 frater
734 1959 926 2002 conversus
939 1941 974 2021 ³).
1021 1939 1176 2019 Quorum
1205 1940 1262 2002 ille
1289 1960 1452 2003 sermone
1475 1939 1617 2023 Latin0,
1648 1959 1810 2003 sermone
1836 1938 1925 2002 Ger·

192 2102 296 2145 mano
323 2081 380 2144 hic
413 2080 568 2143 carmina
592 2079 800 2160 composuit.
847 2076 975 2140 Cantui
1006 2097 1146 2159 quoque
1179 2078 1310 2140 chorali
1343 2077 1481 2159 artique
1513 2078 1668 2141 musicae
1698 2077 1858 2140 moribus
1889 2079 1925 2140 in

193 2217 416 2283 monasteriis
440 2218 638 2283 emendatis
661 2218 864 2300 diligentior
880 2238 964 2280 cura
980 2218 1233 2289 adhibebatur;
1258 2238 1329 2298 qua
1352 2219 1396 2280 de
1420 2238 1457 2280 re
1481 2217 1667 2300 scripsisse
1683 2230 1925 2281 memorantur

192 2359 378 2432 Conradus*
391 2360 435 2421 de
453 2358 698 2440 Obernburg⁴)
715 2358 842 2419 Abbas
859 2366 895 2420 et
911 2357 1095 2422 Conradus
1112 2357 1430 2440 NorimbergensiS,
1448 2359 1639 2421 monachus
1655 2359 1877 2421 Mellicensis
1891 2363 1926 2442 5).

967 2791 1071 2854 CAP.
1096 2792 1139 2854 II.

320 3054 406 3118 Cum
429 3063 679 3136 tempestates,
712 3073 803 3134 quae
835 3053 996 3116 doctrina
1020 3054 1222 3116 Lutherana
1254 3053 1288 3115 in
1320 3054 1438 3116 multis
1468 3054 1691 3116 monasteriis
1723 3067 1925 3119 commotae

191 3206 300 3277 erant,
324 3195 547 3275 cecidissent,
571 3194 641 3256 iam
664 3192 850 3275 pristinum
873 3193 1068 3255 litterarum
1093 3194 1247 3255 studium
1270 3193 1386 3255 redire
1411 3193 1538 3275 coepit.
1578 3194 1681 3275 Quod
1705 3194 1864 3257 studium
1889 3196 1924 3258 in

189 3334 348 3416 plurimis
372 3332 594 3396 monasteriis
619 3331 838 3396 Germanicis
863 3333 1046 3396 academia
1062 3332 1335 3416 Salisburgensi,
1360 3334 1452 3395 alma
1468 3344 1580 3396 matre
1596 3332 1924 3416 Benedictinorum,

190 3474 385 3537 excitatum
409 3482 478 3553 est,
502 3473 538 3535 in
563 3493 633 3554 qua
655 3472 722 3535 viri
745 3472 919 3555 ingeniosi
943 3492 990 3534 ex
1013 3473 1236 3536 monasteriis
1260 3472 1409 3555 singulis
1433 3473 1562 3535 delecti
1586 3493 1655 3535 non
1679 3474 1792 3536 solum
1816 3474 1925 3536 doce-

189 3614 277 3674 bant
299 3611 455 3693 iuveneS,
480 3612 544 3674 sed
568 3613 674 3675 etiam
691 3611 836 3694 clericiS,
862 3611 922 3692 qui
938 3611 1120 3675 doctrinae
1136 3612 1358 3695 theologicae
1375 3614 1563 3692 vacabant,
1589 3613 1687 3675 velut
1710 3614 1847 3676 semina
1873 3616 1925 3678 in·

189 3754 366 3833 serebant,
391 3772 482 3833 quae
506 3752 625 3833 paullo
649 3762 730 3834 post
754 3752 789 3814 in
813 3753 910 3815 cellis
935 3752 1064 3833 quietis
1088 3753 1215 3815 uberes
1238 3753 1395 3815 tulerunt
1418 3753 1563 3816 fructus

318 3889 470 3954 Saeculo
502 3910 642 3972 quoque
674 3892 793 3955 XVII.
825 3902 861 3954 et
891 3893 989 3955 initio
1020 3891 1153 3955 saeculi
1176 3892 1314 3955 XVIII.
1344 3891 1407 3954 filii
1437 3912 1463 3956 s.
1489 3892 1676 3955 Benedicti
1708 3895 1925 3975 praeprimis

191 4029 399 4111 disciplinae
433 4029 658 4111 theologicae
693 4039 728 4091 et
762 4030 952 4092 historicae
986 4049 1129 4112 operam
1162 4032 1346 4094 dederunt.
1391 4030 1590 4112 Disciplina
1620 4031 1823 4114 theologica
1858 4055 1925 4117 pro

190 4168 343 4249 ratione,
379 4188 483 4249 quam
521 4168 703 4230 academia
740 4166 1023 4250 Salisburgensis
1060 4172 1294 4253 sequebatur,
1330 4170 1511 4253 theologia
1546 4171 1759 4234 scholastica
1794 4183 1831 4235 et
1869 4176 1925 4239 ius

191 4306 471 4369 ecclesiasticum
497 4306 744 4369 continebatur
758 4306 791 4388 ⁶).
830 4307 1062 4391 Theologiam
1086 4310 1332 4373 scholasticam
1360 4312 1602 4392 praecedebat
1632 4329 1755 4373 cursus
1783 4314 1926 4378 schola·

190 4448 300 4510 sticae
325 4445 581 4527 philosophiae.
627 4446 819 4508 Doctrinae
845 4446 1113 4510 fundamentum
1141 4449 1339 4512 sententiae
1371 4469 1397 4513 e.
1422 4449 1578 4513 Thomae
1609 4460 1719 4513 erant.
1766 4450 1926 4515 Easdem

194 4621 495 4633 ———————-——-·

320 4742 342 4824 ι)
366 4741 564 4819 Ziegelbauer
588 4742 605 4800 l.
630 4763 655 4800 c.
681 4744 751 4811 111.;
778 4745 879 4821 Kropf
899 4745 917 4802 l.
942 4766 967 4803 c.

320 4856 342 4936 2)
365 4856 467 4933 Krops
486 4857 504 4914 l.
530 4876 555 4914 c.

318 4968 341 5049 ³)
365 4970 467 5047 Krops
488 4971 505 5027 l.
530 4990 556 5026 c.

319 5081 341 5161 ⁴)
365 5082 566 5159 Ziegelbauer
588 5084 606 5140 l.
631 5103 655 5141 c.
680 5085 731 5142 III.

320 5196 343 5274 5)
367 5198 467 5273 Kropf
480 5198 498 5254 l.
516 5218 541 5255 c.
566 5196 614 5254 Ab
631 5216 668 5254 eo
685 5200 798 5273 scripta
815 5210 861 5255 est
880 5198 1047 5270 ,Reductio
1062 5198 1215 5273 gradualis
1231 5200 1261 5255 in
1278 5199 1462 5267 Iunonibus,
1476 5201 1666 5276 Antiphonis,
1684 5201 1778 5276 Kyrie
1795 5201 1922 5270 eleison,

194 5307 310 5374 Gloria,
335 5306 516 5383 Sequentiis‚
541 5311 721 5378 Offertoriis‚
746 5309 1042 5368 Communionibus“.

320 5416 343 5500 ⁶)
366 5422 504 5488 Wemer,
529 5421 712 5479 Geschichte
736 5422 789 5478 der
812 5423 1021 5480 katholischen
1043 5423 1224 5498 Theologie.
