4222 6106
916 503 953 510 -
1000 464 1104 525 XLII
1151 501 1189 508 -

183 689 328 751 abbatia
352 689 497 770 eiusque
520 688 675 751 abbatiis
702 687 841 752 filiabus
873 709 900 752 s.
923 686 1081 750 Mauritii
1112 688 1156 748 de
1184 687 1272 749 Beel
1304 696 1340 749 et
1370 689 1404 750 b.
1428 684 1564 747 Mariae
1594 686 1638 747 de
1662 684 1819 748 dedlk
1842 686 1921 748 sola

183 833 284 889 erant
300 827 432 889 ordinis
449 823 633 889 domicilia.
657 825 748 888 Utut
759 845 844 888 vero
856 843 989 906 parvus
1006 833 1082 886 erat
1098 843 1263 886 numerus
1278 823 1436 904 fratrum,
1452 833 1572 887 tamen
1584 823 1720 886 viribus
1733 823 1919 906 vigebant,

184 982 263 1027 cum
286 965 455 1044 paulatim
478 964 692 1026 monasteria
707 964 951 1045 Tyrnaviense
974 971 1009 1025 et
1027 962 1228 1043 Modrense,
1254 971 1289 1025 et
1313 971 1503 1043 postquam
1527 964 1613 1025 ordo
1637 962 1822 1026 societatis
1837 964 1920 1026 Iesu

184 1103 336 1166 abolitus
360 1115 423 1185 est,
447 1103 730 1167 Comaromiense
754 1113 1006 1184 recuperarent
1022 1103 1055 1182 ¹).

313 1241 386 1304 Vix
408 1262 493 1305 vero
517 1242 715 1323 calamitas,
748 1261 839 1322 quae
871 1241 1000 1304 finibus
1030 1239 1170 1321 imperii
1199 1240 1381 1303 Austriaci
1413 1241 1582 1303 divinitus
1612 1241 1760 1323 accidit,
1790 1252 1921 1304 exacta

186 1389 271 1461 erat,
296 1400 375 1443 cum
398 1384 484 1444 ordo
508 1401 587 1444 cum
610 1381 733 1463 paucis
757 1380 891 1442 viribus
914 1378 1047 1441 relictis
1071 1380 1117 1440 ad
1141 1399 1267 1441 munus
1290 1399 1392 1441 suum
1415 1379 1531 1441 redire
1555 1379 1686 1460 coepit.
1718 1378 1784 1442 Cui
1801 1379 1921 1442 studio

185 1519 408 1601 providentia
431 1519 552 1582 divina
574 1540 658 1582 mox
681 1538 796 1581 novae
820 1518 914 1580 vires
942 1519 1119 1579 adductae
1142 1526 1233 1579 sunt.
1280 1516 1394 1580 Maria
1417 1518 1533 1599 Anna,
1562 1516 1635 1579 filia
1664 1518 1824 1600 Philippi
1847 1519 1921 1597 111,

185 1658 281 1741 regis
303 1658 509 1740 Hispaniae,
533 1668 622 1740 tum,
647 1677 726 1720 cum
754 1662 834 1735 1629
858 1656 1084 1718 Ferdinando
1107 1655 1395 1737 Habsburgensi,
1427 1656 1487 1736 qui
1518 1664 1646 1736 postea
1674 1657 1920 1720 Romanorum

185 1799 376 1878 imperator
392 1806 447 1860 est
463 1798 609 1878 electuS,
633 1794 764 1876 nupsit,
788 1803 963 1857 oratorem
984 1814 1123 1856 sacrum
1140 1794 1375 1856 Benedictum
1399 1795 1443 1855 de
1464 1795 1667 1857 Pennalosa
1683 1795 1920 1878 Mondragon‚

185 1937 456 1999 conventualem
471 1935 605 1997 Montis
621 1932 765 2016 Serrati,
788 1953 834 1996 ex
849 1932 966 2015 patria
982 1951 1102 1994 secum
1127 1932 1238 2013 duxit,
1263 1940 1299 1994 et
1315 1932 1564 2013 imperatorem
1580 1932 1847 1996 Ferdinandum
1864 1934 1920 2001 ΙΙ..

184 2094 345 2137 socerum
377 2093 487 2154 suum,
519 2071 712 2153 permovit,
743 2084 781 2133 ut
814 2070 971 2133 coloniae
1002 2072 1126 2132 horum
1149 2071 1407 2132 monachorum
1438 2081 1634 2152 praecepta
1667 2092 1793 2135 sacrae
1827 2073 1921 2156 legis

185 2213 453 2294 diligentissime
477 2211 741 2274 observantium
765 2210 1048 2292 (congregationi
1070 2209 1284 2289 Valladolid)
1310 2209 1561 2271 monasterium
1584 2209 1812 2273 Emautinum
1836 2212 1921 2273 Pra-

184 2370 295 2433 gense
324 2355 405 2412 1030
428 2349 503 2412 fere
526 2351 705 2411 desertum
730 2347 975 2411 committeret.
1014 2348 1103 2410 Tres
1133 2347 1262 2411 fratres
1293 2347 1506 2428 superstites
1536 2367 1614 2410 cum
1643 2350 1777 2411 abbate
1804 2351 1920 2412 Bene-

184 2490 280 2552 dicto
303 2488 559 2569 Bawarowsky
582 2486 723 2569 Pragae
748 2488 793 2548 ad
817 2506 844 2550 s.
868 2485 1052 2549 Nicolaum
1076 2485 1289 2548 domicilium
1314 2486 1382 2549 sibi
1405 2487 1674 2551 constituerunt.
1719 2488 1921 2551 Montsera-

184 2641 304 2692 tenses
339 2638 457 2690 autem
491 2629 556 2689 sub
592 2625 750 2689 Antonio
784 2625 1002 2690 Sottomaior
1041 2631 1120 2688 1666
1157 2625 1321 2688 Bezdelii
1355 2625 1640 2707 praeposituram
1673 2626 1920 2707 condiderunt,

185 2777 375 2849 postquam
403 2766 473 2827 iam
505 2769 583 2828 1633
616 2784 726 2846 opera
748 2763 885 2827 Mariae
909 2765 1037 2827 Annae
1060 2764 1297 2827 Vindobonae
1328 2775 1411 2827 ante
1441 2774 1580 2846 portam
1605 2763 1785 2829 Scoticam
1816 2766 1921 2829 huius

185 2903 475 2987 congregationis
497 2903 749 2966 monasterium
773 2901 998 2965 aedificatum
1022 2910 1077 2965 est
1092 2904 1125 2983 ²).

313 3043 449 3104 Eadem
472 3052 591 3105 aetate
615 3043 701 3103 ordo
725 3041 760 3103 in
782 3040 912 3103 finibus
936 3041 1075 3123 imperii
1099 3041 1281 3104 Austriaci
1306 3061 1435 3107 novam
1458 3042 1694 3124 propaginem
1719 3052 1920 3124 acceperat.

184 3181 360 3244 Mechitar
392 3184 471 3260 1676
497 3178 684 3243 Sebastiae
713 3178 852 3262 (Siwas)
884 3181 919 3243 in
947 3180 1118 3242 Armenia
1150 3179 1284 3242 minore
1316 3188 1421 3242 natus
1453 3189 1489 3242 et
1524 3184 1605 3259 1696
1636 3180 1839 3243 sacerdotio
1871 3180 1922 3243 in·

184 3319 336 3402 signitus
365 3320 433 3381 hoc
464 3317 531 3380 sibi
559 3326 811 3400 proposuerat,
842 3328 881 3380 ut
911 3326 1025 3381 totum
1055 3316 1230 3380 Armeniis
1260 3337 1299 3379 se
1331 3319 1433 3380 daret
1462 3337 1508 3379 ex
1538 3317 1632 3381 tristi
1662 3318 1854 3381 schismate
1887 3329 1922 3380 et

185 3458 386 3541 ignorantia
410 3456 612 3537 eripiendis
657 3456 693 3519 Is
717 3476 796 3519 cum
820 3455 982 3538 Galatae,
1006 3456 1042 3518 in
1068 3456 1237 3519 suburbio
1261 3457 1415 3536 quodam
1439 3455 1775 3538 Constantinopolis,
1799 3460 1922 3538 pueris

184 3596 302 3678 gentis
325 3615 411 3658 suae
435 3596 592 3658 scholam
616 3595 816 3677 aperuisset
849 3595 990 3675 iamque
1018 3614 1186 3676 magnam
1210 3595 1245 3656 in
1268 3614 1369 3675 spem
1392 3595 1551 3658 venisset
1579 3595 1694 3659 felicis
1722 3615 1921 3678 successus,

185 3734 355 3797 Avedikii
383 3733 599 3796 schismatici
631 3733 854 3815 patriarchae
887 3732 1060 3795 machinis
1092 3733 1263 3813 expulsus
1295 3734 1341 3795 ad
1363 3733 1525 3796 Venetos
1556 3733 1749 3817 confugere
1778 3736 1921 3809 statuit;

185 3872 231 3932 ab
258 3872 313 3932 his
336 3870 541 3933 Mathonem
566 3871 723 3951 (Modon)
747 3871 782 3933 in
805 3872 1056 3952 Peloponneso
1080 3871 1229 3953 accepit.
1276 3872 1361 3935 Eius
1391 3872 1591 3936 institutum
1624 3871 1787 3936 Clemens
1819 3875 1922 3938 XIII.

186 4008 433 4088 comprobavit
455 4007 559 4087 eique
582 4007 785 4088 regularum
809 4009 990 4089 optionem
1014 4010 1122 4073 dedit.
1168 4009 1344 4072 Mechitar
1377 4011 1494 4092 legem
1525 4031 1552 4075 s.
1581 4011 1769 4074 Benedicti
1802 4012 1924 4095 elegit,

186 4144 306 4224 itaque
330 4147 444 4207 abbas
467 4145 601 4226 primus
625 4155 660 4207 et
684 4146 846 4208 conditor
874 4147 1163 4229 congregationis
1188 4149 1379 4211 Armeniae
1408 4149 1525 4211 factus
1553 4160 1623 4232 est,
1654 4150 1786 4212 vinculi
1819 4151 1924 4233 illius,

187 4303 256 4364 quo
280 4283 446 4345 occidens
470 4293 506 4346 et
528 4283 645 4346 oriens
669 4283 942 4348 continerentur.
975 4286 1048 4349 Sed
1072 4307 1151 4349 cum
1172 4307 1250 4367 1715
1277 4287 1368 4350 inter
1384 4287 1544 4350 Venetos
1559 4288 1767 4370 Turcasque
1791 4290 1925 4352 bellum

186 4430 349 4484 exortum
365 4431 471 4502 esset,
494 4421 670 4485 Mechitar
692 4443 770 4485 cum
787 4423 950 4486 undecim
966 4425 1150 4507 discipulis
1165 4426 1338 4488 Venetias
1354 4427 1510 4489 decessit
1526 4435 1572 4507 et,
1589 4438 1781 4507 postquam
1796 4428 1924 4491 Metho

186 4580 208 4621 a
232 4559 357 4621 'Iurcis
381 4561 570 4622 devastata
593 4571 657 4641 est,
682 4581 703 4621 a
727 4571 853 4624 senatu
877 4562 1018 4626 Veneto
1044 4563 1197 4626 dirutum
1222 4564 1474 4627 monasterium
1498 4584 1525 4628 s.
1549 4565 1673 4628 Lazari
1697 4565 1925 4628 incolendum

186 4699 336 4780 accepit.
381 4698 460 4779 Hic,
486 4719 555 4779 qua
578 4699 766 4781 vigilantia
795 4701 830 4762 in
858 4700 975 4764 officio
1006 4723 1070 4764 suo
1102 4703 1226 4785 fuerit,
1261 4711 1449 4784 praestans
1481 4703 1728 4785 interpretatio
1752 4705 1926 4768 Armenia

187 4855 213 4898 s.
238 4836 436 4917 scripturae
465 4841 544 4914 1734
569 4835 675 4917 edita,
700 4809 912 4902 documento
934 4849 999 4903 est.
1031 4842 1137 4903 Anno
1153 4840 1322 4903 vicesimo
1339 4853 1431 4923 post,
1448 4862 1554 4922 quam
1570 4841 1746 4905 Mechitar
1762 4853 1925 4906 mortuus

187 4983 264 5036 erat
288 4975 382 5054 (ante
407 4974 500 5036 diem
529 4980 576 5037 16.
594 4973 668 5039 Cal.
684 4974 799 5037 Maias
828 4978 931 5058 1749),
956 4976 1179 5060 undeviginti
1204 4979 1366 5041 monachi
1390 4998 1469 5041 cum
1485 4979 1688 5061 Adeodat0,
1712 4979 1771 5060 qui
1795 4992 1925 5062 postea

187 5148 496 5158 ——-——

318 5278 338 5358 ¹)
362 5281 471 5336 Czinar
493 5282 511 5337 Ι.
536 5301 562 5337 c.
587 5283 609 5339 Ι.

317 5390 339 5469 ²)
357 5392 454 5458 Klein,
468 5393 652 5451 Geschichte
669 5393 723 5450 des
736 5395 977 5452 Christenthums
993 5399 1022 5452 in
1040 5398 1234 5453 Oesterreich
1251 5397 1309 5452 und
1325 5396 1521 5466 Steiermark,
1539 5399 1598 5454 und
1611 5399 1722 5467 Dudik‚
1736 5400 1870 5475 Raigern
1884 5401 1924 5456 11.
