4222 6106
917 451 1200 518 ,270-

185 638 289 701 nibus
312 635 530 720 glorificetur
551 636 660 698 Deus.
685 636 788 698 Prior
810 635 1014 699 monasterii
1095 638 1123 697 8.
1141 632 1241 716 Sept.
1263 638 1340 714 1745
1364 633 1547 717 professus
1571 641 1607 696 et
1627 633 1749 696 studia
1770 633 1937 719 philrxg

186 779 251 841 per
266 778 330 821 sex
347 778 459 821 annos
475 758 636 840 spiritum
654 777 680 820 s.
698 757 825 838 Patris,
848 777 918 839 quo
936 757 1013 839 ipse
1093 756 1199 837 phica
1216 766 1252 819 et
1268 756 1470 839 theologica
1486 754 1616 838 partim
1629 753 1937 841 6161611661,ρὲ

186 881 312 963 plenus
328 879 405 960 fuit,
428 880 585 943 excitare
608 878 787 942 custodire
811 897 1014 960 augereque
1094 879 1156 942 tim
1172 877 1373 962 Salisburgi
1389 879 1597 960 complexus
1614 877 1673 940 die
1689 881 1738 939 18.
1749 876 1861 942 0611
1881 910 1937 968 7,

186 1002 337 1084 impigre
353 1001 538 1065 laboravit.
562 1001 666 1064 Ultra
682 1010 819 1082 septem
835 1002 947 1063 lustra
964 999 1014 1062 di·
1053 1062 1055 1091 Ι
1094 1001 1308 1064 sacerdotali
1325 1000 1500 1083 dignitate
1513 1010 1639 1063 auctus
1652 1009 1718 1062 est.
1735 997 1937 1081 Cremifffi¹

185 1121 348 1185 ficillimis
379 1122 654 1204 tempestatibus
685 1142 811 1184 munus
842 1120 1014 1204 praefecti
1053 1098 1056 1202 1
1094 1122 1243 1204 primum
1263 1122 1526 1205 principiorum,
1549 1142 1617 1204 per
1636 1120 1825 1184 triennium
1845 1134 1937 1207 phi.

186 1244 364 1327 gymnasii
380 1245 430 1307 ita
445 1243 623 1325 sustinuit,
641 1254 680 1307 ut
692 1264 847 1307 amorem
860 1263 902 1306 ac
914 1263 1015 1305 reve·
1053 1214 1056 1361 Ι
1093 1245 1287 1326 losophiae,
1304 1247 1350 1307 ab
1367 1264 1459 1307 anno
1479 1248 1558 1324 1757
1577 1245 1781 1306 matheseos
1796 1253 1831 1306 et
1844 1252 1928 1330 phi.

187 1352 335 1429 rentiam
352 1366 420 1429 sibi
436 1376 508 1429 tam
530 1387 551 1428 a
573 1366 815 1448 superioribus
839 1386 944 1447 quam
969 1368 1014 1428 ab
1053 1378 1056 1463 ξ
1093 1367 1276 1449 losophiae
1293 1366 1584 1449 experimentalis
1600 1364 1784 1448 professor
1801 1365 1917 1433 sinul-

83 1516 86 1521 ·
187 1487 421 1569 inferioribus,
442 1488 631 1571 gymnasio
647 1507 732 1550 vero
749 1487 888 1570 insigne
905 1489 1014 1550 decus
1053 1488 1056 1511 ⁵
1095 1508 1163 1570 que
1183 1487 1309 1550 tertius
1333 1474 1538 1550 acefflemiae
1562 1486 1736 1551 nobilium
1758 1488 1911 1572 ephoruS,

187 1609 376 1690 pepererit.
402 1607 625 1672 Confratrum
642 1621 779 1671 amator
795 1619 832 1672 et
848 1609 944 1672 vitae
960 1627 1014 1670 re·
1053 1622 1056 1629 ·
1095 1609 1194 1672 1111116
1211 1609 1293 1672 611111
1314 1614 1389 1689 1761
1410 1607 1658 1692 Salisburgum
1674 1608 1763 1671 abiit
1781 1618 1815 1672 et
1828 1609 1909 1673 iuris

186 1729 334 1813 ligiosae
351 1742 532 1812 promotor
549 1743 584 1793 et
600 1731 760 1814 singulos
777 1740 813 1793 et
829 1729 1015 1792 universos
1054 1752 1057 1825 3

188 1853 295 1916 coluit
319 1863 354 1916 et
378 1853 484 1934 fovit,
509 1854 700 1916 abbatibus
725 1853 855 1916 nostris
883 1852 1015 1933 optime
1054 1838 1057 1905 ἶ

188 1975 331 2056 meritis,
345 1976 514 2057 Mathiae,
527 1977 669 2057 Iacobo,
681 1975 805 2038 Ioanni
818 1976 923 2056 Bapt.
938 1994 1016 2055 per·
1055 1910 1058 2063 1

187 2097 320 2160 similis.
356 2098 438 2178 Ipse
466 2098 681 2161 monasterio
709 2097 885 2160 novellam
913 2098 1016 2159 sobo·
1055 2086 1058 2143 l

186 2220 265 2300 lem,
287 2219 539 2282 bibliothecam
560 2240 601 2283 ac
623 2240 649 2282 s.
668 2220 925 2301 supellectilem
945 2239 1017 2281 ma·
1056 2146 1058 2213 1

187 2361 259 2423 gna
281 2361 326 2402 ex
349 2351 451 2422 parte
472 2343 640 2423 providit,
664 2354 699 2404 et
721 2352 803 2424 post
823 2342 960 2405 tristem
980 2362 1018 2404 10

190 2482 359 2525 annorum
369 2463 624 2544 dispersionem
634 2464 925 2546 suapotissimum
934 2483 1017 2545 ope·
1056 2456 1059 2515 l

1095 1732 1277 1813 utriusque
1298 1734 1423 1794 doctor
1443 1741 1584 1794 creatus
1604 1750 1632 1794 s.
1650 1748 1816 1794 canonum
1830 1750 1905 1813 pro

1095 1853 1209 1915 sessor
1230 1854 1265 1915 in
1285 1853 1518 1916 universitate
1535 1851 1770 1915 Benedictina
1784 1850 1903 1914 institu-

1096 1985 1153 2038 tus
1169 1986 1204 2039 et
1221 1976 1256 2038 in
1273 1976 1457 2038 consilium
1474 1974 1753 2038 ecclesiasticum
1772 1972 1900 2035 celsissi-

1096 2099 1143 2161 mi
1158 2097 1329 2180 principis
1346 2107 1382 2161 et
1398 2096 1658 2180 archiepiscopi
1675 2094 1897 2177 Salisburgen·

1097 2221 1145 2282 sis
1162 2220 1354 2284 adhibitus
1378 2219 1437 2282 Ab
1454 2238 1546 2281 anno
1563 2222 1644 2299 1766
1660 2227 1773 2281 rector
1785 2213 1898 2298 magni·

1096 2341 1184 2405 ficus
1204 2342 1446 2405 universitatis
1470 2353 1505 2404 et
1529 2341 1726 2405 celsissimo
1748 2333 1897 2418 archiepi-

1097 2484 1207 2546 scopo
1231 2467 1276 2526 ab
1300 2464 1431 2527 intimis
1448 2464 1605 2526 consiliis
1627 2465 1672 2526 de
1694 2483 1732 2526 re
1751 2454 1898 2525 litteraria

189 2604 228 2645 ra
244 2584 295 2646 rei
311 2594 454 2648 nostrae
474 2605 539 2647 nos
559 2586 723 2649 restituit.
748 2587 813 2649 Pie
833 2586 922 2649 obiit
942 2586 1017 2649 Me·
1056 2606 1060 2672 7
1097 2586 1230 2668 optime
1242 2585 1388 2649 meritus
1405 2596 1441 2649 et
1454 2585 1709 2666 amplissimum
1721 2573 1898 2647 monasterii

189 2706 264 2767 rani
290 2727 336 2785 16.
356 2707 431 2771 Iun.
458 2712 552 2789 1820,
577 2706 928 2771 honorificentissime
953 2727 1017 2789 pro
1056 2700 1059 2721 ²

189 2827 323 2890 meritis
344 2829 474 2910 elatus,
499 2833 544 2892 ad
561 2830 745 2892 Placidum
767 2832 934 2893 abbatem
955 2849 1016 2911 ap-

188 2949 327 3031 positus
356 2961 419 3014 est.
455 2953 530 3016 Erit
553 2954 721 3015 memoria
749 2953 824 3015 eius
852 2953 886 3015 in
909 2955 1016 3015 bene·

189 3069 352 3134 dictione.
368 3073 629 3137 Dilectissimus
641 3075 744 3136 nobis
757 3074 934 3138 confrater
947 3075 1015 3136 Be-

188 3195 361 3276 nedictus,
371 3201 607 3277 per37annos
616 3198 803 3280 gymnasio
813 3197 1015 3260 Meranensi
1053 3190 1057 3320 Ι

188 3318 402 3400 praefectuS,
423 3320 649 3401 latebrarum,
671 3339 762 3402 quae
778 3320 812 3382 in
830 3320 1015 3382 iuvenibus

188 3449 283 3521 sunt,
312 3441 563 3524 sagacissimus
591 3442 796 3524 explorator
820 3442 1015 3524 praemissa

187 3547 288 3623 br'evi
300 3563 476 3645 gymnasii
492 3563 639 3626 historia
652 3565 792 3626 nomina
805 3564 1015 3646 conscripsit

187 3703 373 3766 moresque
389 3686 526 3748 notavit
543 3686 695 3748 omnium
712 3686 890 3769 gymnasii
907 3687 1015 3748 alum-

187 3826 309 3869 norum
327 3810 372 3869 ab
389 3828 480 3870 anno
501 3813 579 3887 1782
598 3828 710 3891 usque
724 3811 769 3871 ad
788 3813 877 3889 1819,
894 3830 1014 3872 manu-

187 3929 358 4010 scriptum
385 3930 478 3991 omni
503 3930 750 3993 aestimatione
776 3931 932 4014 dignum,
960 3931 1015 3993 cui

187 4050 323 4112 titulus:

273 4195 385 4250 Namen
402 4194 461 4249 und
477 4196 625 4252 Conduite
642 4196 695 4252 der
708 4195 884 4259 Studenten,
903 4197 1016 4253 welche

186 4316 255 4353 vom
274 4298 364 4372 Jahre
385 4297 462 4371 1782
486 4299 677 4374 angefangen
702 4319 740 4355 an
762 4319 898 4357 unserem
920 4300 1013 4375 Gym-

187 4404 301 4457 nasium
317 4403 474 4459 studirten.
492 4399 521 4480 (i.
532 4422 557 4460 e.
571 4405 698 4460 Nomina
711 4423 888 4479 morumque
901 4407 1015 4461 notatio

186 4509 316 4563 omnium
329 4509 475 4581 gymnasii
489 4510 583 4564 nostri
597 4509 781 4565 alumnorum
794 4507 834 4564 ab
843 4527 921 4564 anno
936 4508 1012 4582 1782

185 4610 338 4690 —1819.)
357 4618 399 4683 4⁰.
417 4613 472 4667 Ms.
495 4626 505 4666 1
527 4612 586 4668 vol.
609 4611 671 4684 836
688 4632 717 4687 p.
742 4613 775 4668 In
791 4613 913 4669 archivo
929 4632 1014 4688 gym-

185 4717 259 4772 nasii
276 4716 446 4772 Meranens.
464 4716 582 4772 adserv.

270 4898 552 4994 Langhayder
578 4908 881 4972 Constantinus
910 4909 1013 4992 (Cre-

184 5027 460 5108 mifanensis),
492 5036 599 5089 antea
629 5027 819 5109 Iosephus,
851 5026 1013 5091 Silvestri

184 5150 422 5232 Langhayder
444 5149 555 5213 frater
575 5169 780 5232 germanuS,
802 5150 1013 5212 Austriacus

185 5270 476 5352 Berghamensis,
507 5279 553 5336 13.
575 5273 637 5336 Iul.
664 5278 743 5351 1726
767 5283 871 5334 natus
895 5272 1013 5335 studia

186 5389 374 5455 Cremifani
395 5395 549 5457 absolvit
570 5405 606 5456 et
623 5406 751 5457 exacto
773 5394 934 5457 tirocinio
955 5394 1012 5455 616
1051 5376 1054 5447 l

1096 2708 1150 2771 sui
1167 2711 1275 2771 decus
1291 2708 1380 2770 obiit
1397 2729 1446 2787 29.
1464 2712 1546 2772 Dec.
1568 2712 1660 2787 1787.

1183 2831 1330 2892 Praeter
1350 2831 1470 2893 theses
1487 2826 1901 2912 physico-mathematicas

1095 2953 1130 3016 in
1146 2954 1261 3015 lucem
1278 2954 1393 3016 editas
1410 2951 1639 3034 conscripsit:

1181 3080 1203 3136 I.
1227 3080 1273 3136 De
1290 3079 1444 3155 multiplici
1461 3079 1688 3154 privilegiorum
1704 3075 1905 3151 significatione

1095 3202 1260 3259 eorumque
1275 3186 1398 3241 notione
1415 3186 1546 3259 genuina
1565 3197 1596 3240 et
1615 3181 1825 3239 adfectionibus
1837 3188 1909 3255 pro·

1095 3292 1168 3365 priis
1196 3290 1378 3346 dissertatio.
1406 3287 1592 3362 Sahsbnrgi,
1627 3285 1717 3362 1766.
1744 3292 1785 3358 4⁰.
1808 3284 1912 3363 (Quam

1095 3395 1335 3451 dissertationem
1358 3395 1543 3450 clarissimus
1563 3394 1608 3450 16.
1624 3393 1698 3450 Phil.
1715 3392 1915 3450 Steinhauser·

1095 3499 1308 3574 pandectarum
1336 3497 1504 3572 Salisburgi
1533 3496 1692 3573 professor
1725 3497 1916 3574 „perpetuum

1095 3603 1254 3677 singularis
1273 3622 1398 3678 prorsus
1419 3615 1449 3658 et
1473 3601 1724 3677 profundissimae
1745 3588 1916 3657 eruditionis

1095 3708 1324 3763 documentum“
1343 3704 1529 3785 appellavit.)

1183 3812 1218 3867 ΙΙ.
1241 3811 1286 3867 De
1307 3812 1415 3885 legatis
1437 3825 1466 3867 et
1486 3812 1597 3867 nuntiis
1614 3810 1786 3885 pontificum
1801 3810 1926 3864 eorum·

1096 3935 1154 3991 que
1171 3916 1239 3972 fatis
1257 3929 1287 3972 et
1303 3930 1454 3992 potestate
1471 3917 1685 3972 commentatio
1702 3913 1929 3971 historico-⁶2·

1096 4023 1213 4076 nonita.
1239 4019 1417 4094 Salisburgi‚
1440 4018 1531 4093 1785.

1181 4165 1463 4261 Langhayder
1490 4176 1735 4239 Meinradus
1762 4155 1937 4256 (eremi

1095 4295 1304 4374 fanensis),
1321 4306 1426 4356 antea
1438 4294 1666 4376 Erenbertus,
1683 4294 1792 4358 frater
1803 4292 1937 4358 silve·

1096 4418 1159 4479 stri
1171 4428 1207 4480 et
1220 4416 1441 4479 Constantini
1450 4415 1697 4499 Langhayder,
1708 4416 1867 4480 Austriac
1875 4410 1937 4467 ¹³⁵

1094 4538 1380 4621 Berghamensis,
1395 4538 1452 4600 die
1469 4559 1515 4600 11.
1526 4538 1630 4602 Febr.
1646 4544 1722 4618 1731
1739 4523 1936 4602 11616165τ

1095 4658 1231 4723 Studiis
1256 4658 1447 4722 Cremifani
1473 4652 1937 4725 666611111611161163161111ῙῘ

1094 4782 1178 4843 illud
1203 4782 1385 4864 ingressus
1408 4793 1493 4844 vota
1521 4782 1705 4845 sollemnia
1733 4782 1845 4846 emisit
1866 4779 1932 4840 2¹

1093 4905 1181 4966 Nov.
1194 4904 1382 4985 1753,inter
1390 4903 1517 4966 artium
1526 4904 1725 4967 liberalium
1734 4895 1937 4988 1668116110ε

1093 5045 1158 5090 1166
1189 5046 1258 5088 11611
1288 5026 1491 5109 theologiae
1514 5027 1729 5090 Viennensis
1757 5021 1935 5091 doctore³

1098 5153 1174 5227 1757
1200 5157 1389 5229 cooptatus
1413 5148 1470 5210 die
1499 5170 1524 5212 1.
1546 5147 1637 5212 Nou.
1666 5154 1747 5228 1758
1771 5146 1924 5232 primam

1091 5271 1207 5333 laudis
1223 5272 1374 5333 hostiam
1391 5272 1558 5363 sacerdos
1573 5271 1701 5334 litavit.
1724 5271 1829 5336 Cellis
1842 5263 1930 5332 Ma·-

1092 5393 1199 5455 rianis
1212 5394 1247 5456 in
1260 5394 1406 5456 Austria
1419 5393 1584 5456 inferiore
1596 5394 1843 5475 confessarius,
1857 5388 1909 5453 d&
