4252 6112
919 490 1198 561 -299-

190 674 284 756 fecit,
303 694 407 754 quam
424 685 462 736 ut
477 693 550 735 rem
563 674 769 737 monasterii
785 685 869 737 tunc
881 687 1018 756 tempo·

190 798 238 859 ris
254 797 359 859 valde
381 796 544 858 miseram
565 796 636 859 cito
660 815 843 879 emergere
867 807 1017 861 curaret.

191 918 346 982 Eminuit
355 919 420 980 hac
431 917 466 980 in
475 937 513 980 re
522 929 623 981 tanta
635 919 871 982 sollicitudine
886 919 1019 1002 talique

192 1041 373 1122 industria,
398 1051 436 1103 ut
456 1059 549 1103 anno
571 1045 648 1103 1833
666 1040 787 1103 turrim
804 1041 1019 1123 monasterii,

192 1183 283 1246 quae
298 1183 390 1225 anno
413 1167 502 1244 1820,
518 1162 664 1226 fulmine
677 1163 800 1244 petita,
817 1163 1019 1245 liquefactis

192 1285 373 1367 campanis
387 1304 407 1347 a
421 1304 556 1347 summo
570 1304 682 1366 usque
694 1286 740 1348 ad
754 1284 860 1348 imum
872 1297 1020 1367 perusta

191 1407 267 1489 fuit,
281 1407 419 1489 magnis
433 1407 632 1488 sumptibus
645 1406 849 1495 restitueret
865 1415 901 1469 et
919 1418 1020 1487 quat·

192 1543 272 1591 tuor
288 1529 389 1592 novis
406 1530 587 1611 campanis
608 1528 749 1610 ditaret,
773 1538 881 1611 atque
898 1530 944 1591 ad
961 1531 1021 1591 de-

191 1651 403 1713 flectendam
422 1650 658 1731 perniciosam
678 1649 835 1713 fulminis
851 1650 922 1713 vim
941 1670 1021 1732 per-

192 1772 298 1835 ticam
317 1771 469 1836 ferream
493 1773 641 1853 cuspide
664 1775 836 1836 deaurata
858 1773 947 1856 erigi
963 1793 1021 1836 cu·

192 1906 296 1958 raret.
314 1894 556 1978 Deflagratam
566 1895 673 1958 etiam
685 1897 827 1958 domum
837 1897 1022 1977 parochia·

192 2018 259 2079 lem
274 2037 353 2079 cum
366 2018 487 2080 schola
496 2018 531 2079 in
540 2017 706 2080 Ludweis
715 2017 871 2081 restituit
884 2027 920 2081 et
928 2039 1021 2082 com·

194 2140 295 2222 plura
320 2140 389 2201 alia
416 2139 451 2201 in
476 2138 663 2202 utilitatem
691 2140 897 2203 monasterii
926 2140 1021 2206 fecit.

193 2262 261 2324 Hic
277 2262 341 2342 vir,
365 2261 533 2324 memoria
551 2261 688 2343 dignus,
705 2261 763 2324 die
782 2283 831 2326 21.
849 2262 921 2325 Ian.
939 2262 1022 2325 anni

199 2388 276 2462 1842
296 2384 405 2446 evita
422 2384 595 2446 discessit.

280 2504 431 2588 Scripsit
447 2507 646 2587 sequentia:

280 2634 301 2689 l.
327 2633 503 2708 Epicedion.
529 2631 665 2689 Manibus
682 2633 850 2690 dedicatum
868 2634 1021 2690 Reveren-

192 2736 313 2801 dissimi,
328 2737 509 2793 Perillustris
523 2756 558 2793 ac
568 2736 750 2814 Amplissimi
763 2733 886 2795 Domini
899 2737 1020 2794 Domini

192 2842 344 2898 Bertholdi
369 2842 538 2916 Reisinger.
563 2840 692 2898 Abbatis
720 2844 892 2901 monasterii
918 2842 1021 2898 Alten·

192 2946 352 3020 burgensis
373 2946 550 3020 dignissimi,
573 2944 685 3001 Sacrae
705 2946 794 3003 Caes.
817 2947 893 3021 Reg.
911 2947 1019 3023 Apost.

191 3050 260 3124 Maj.
283 3051 452 3106 Consiliarii
477 3069 532 3107 nec
556 3068 614 3106 non
641 3052 766 3124 insignis
787 3051 875 3107 Caes.
899 3051 973 3108 Ord.
995 3070 1019 3106 s.

192 3155 341 3230 Leopoldi
354 3156 483 3230 Equitis.
503 3156 648 3222 Viennae,
662 3158 743 3231 typis
753 3155 874 3212 Antonii
885 3153 1019 3212 Strauss.

196 3258 284 3316 1820.
310 3260 375 3317 1¹01.

279 3365 315 3421 II.
329 3361 520 3420 Succinctum
538 3365 709 3421 Chronicon
722 3367 953 3440 praecipuorum
965 3364 1020 3421 do·

192 3488 256 3524 mus
273 3481 395 3525 nostrae
411 3465 440 3547 (i.
453 3468 752 3547 e.Altenburgensis)
769 3483 987 3525 momentorum
1004 3487 1021 3525 e

190 3573 378 3630 documentis
394 3572 530 3630 tabularii
548 3576 642 3629 nostri
665 3587 849 3648 excerptum.
875 3574 1018 3640 Viennae,

191 3681 270 3754 typis
291 3680 537 3752 congregationis
551 3678 831 3733 Mechitharisticae.
860 3675 949 3751 1839.
975 3683 1018 3749 4⁰.

276 3843 423 3938 Meyer
447 3852 675 3916 Geroldus
698 3852 742 3915 ΙΙ.
768 3851 1021 3934 (Princeps-

190 3972 280 4032 abb.
298 3952 531 4051 Murensifl,
556 3970 590 4032 in
612 3972 724 4033 lucem
748 3971 864 4034 editus
881 3982 936 4035 est
951 3971 1021 4035 Lu·

190 4112 317 4155 cernae
335 4094 391 4155 die
414 4098 459 4155 13.
477 4093 563 4155 Maii
585 4113 675 4174 1729,
697 4093 791 4156 votis
808 4113 847 4156 se
863 4093 941 4156 Deo
959 4097 1020 4156 ob·

190 4215 271 4277 tulit
288 4217 345 4277 die
367 4236 412 4278 12.
430 4212 508 4277 Oct.
532 4219 621 4293 1746,
641 4215 800 4278 ordinem
816 4216 1020 4279 sacerdota·

189 4337 257 4398 lem
274 4337 415 4418 accepit
429 4337 486 4399 die
501 4357 550 4398 20.
564 4336 649 4399 Maii
667 4341 757 4415 1752.
781 4337 927 4401 Relicto
942 4336 1020 4400 offi-

190 4458 244 4520 cio
254 4457 465 4539 professoris
479 4469 514 4520 et
524 4458 785 4522 bibliothecarii
795 4460 1020 4523 administra·

190 4580 241 4641 vit
265 4579 432 4662 egregius
457 4600 670 4642 oeconomus
695 4583 789 4644 bona
812 4583 1018 4645 monasterii

191 4701 225 4763 in
242 4701 448 4784 Dettingen.
472 4701 540 4763 Die
557 4721 641 4763 vero
662 4722 710 4780 19.
727 4702 802 4765 Iun.
825 4708 904 4783 1776
926 4704 1020 4785 prin-

191 4842 276 4904 ceps
285 4826 398 4885 abbas
411 4825 546 4887 electus
557 4835 611 4887 est
624 4824 788 4905 rexitque
799 4826 891 4887 ultra
905 4830 946 4887 33
959 4846 1020 4888 an·

190 4965 264 5008 nos.
281 4945 400 5007 Vitam
413 4956 639 5027 praesentem
649 4946 776 5009 clausit
786 4946 844 5008 die
858 4967 905 5023 14.
914 4947 1017 5009 Febr.

197 5072 285 5130 1810.
309 5068 392 5147 Ipse
409 5069 588 5150 ingentem
611 5068 704 5131 illam
717 5068 888 5130 fabricam
900 5086 1020 5130 mona·

191 5189 287 5251 sterii
306 5189 512 5269 construxit,
530 5209 621 5270 quae
637 5190 828 5252 hodiedum
845 5188 1019 5271 conspici·
1058 5166 1062 5225 ξ

190 5325 262 5393 tur,
288 5312 461 5393 simulque
484 5314 659 5392 permulta
684 5312 828 5393 scripsit
853 5323 889 5375 et
912 5311 1018 5374 scribi
1059 5392 1061 5405 Ι

190 5437 336 5516 curavit,
364 5455 455 5515 quae
479 5455 570 5497 nunc
595 5435 628 5497 in
652 5435 784 5497 archiv.
802 5433 1019 5517 Argoviensi
1058 5440 1062 5485 1

1097 674 1303 756 retinentur,
1320 676 1371 739 uti
1385 695 1415 741 e.
1428 698 1480 760 gr.
1494 676 1697 758 Schodeler,
1715 696 1830 740 rerum
1842 677 1927 740 Hel-

1098 796 1293 860 veticarum
1309 799 1466 881 historia,
1485 811 1521 862 et
1537 799 1636 862 varia
1651 818 1761 882 opera
1773 799 1813 861 Ρ.
1827 799 1928 862 Mau·

1098 918 1168 981 ritii
1185 940 1254 982 van
1276 922 1340 984 der
1354 921 1455 984 Meer
1476 925 1520 985 de
1540 922 1764 985 monasteriis
1781 920 1928 986 Seckin-

1099 1060 1180 1123 gen‚
1202 1043 1503 1107 Katharinenthal
1524 1055 1560 1107 et
1577 1047 1622 1107 de
1639 1044 1928 1128 congregationis

1099 1163 1310 1227 Helveticae
1332 1165 1416 1227 viris
1440 1165 1657 1229 inlustribus.
1693 1167 1886 1230 Praeterea
1909 1188 1929 1230 e

1100 1286 1266 1349 thesauro
1305 1287 1512 1350 eruditionis
1552 1307 1638 1350 suae
1676 1290 1856 1369 complura
1894 1290 1930 1352 in
1972 1341 1977 1351 .

1101 1406 1242 1488 scriptis
1258 1407 1413 1490 reliquit:

1187 1533 1209 1588 1.
1224 1533 1359 1589 Litterae
1372 1533 1542 1600 familiares,
1553 1553 1630 1609 quas
1643 1535 1724 1591 dedit
1738 1536 1786 1591 vel
1799 1539 1927 1612 accepit.

1102 1637 1197 1710 4vol.
1219 1656 1285 1694 cum
1307 1640 1377 1694 circ.
1403 1637 1467 1695 800
1483 1657 1512 1714 p.
1538 1640 1570 1695 In
1592 1641 1705 1697 archiv.
1721 1639 1926 1698 Mum-Gries.

1188 1742 1223 1798 ΙΙ.
1238 1741 1406 1818 Dispositio
1422 1743 1460 1799 ad
1477 1742 1721 1800 moribundorum
1738 1760 1928 1803 sacramenta

1102 1846 1307 1922 suscipienda;
1325 1861 1411 1903 actus
1424 1861 1454 1903 et
1467 1850 1611 1905 exercitia
1622 1848 1659 1904 ad
1671 1847 1789 1905 beatam
1802 1863 1928 1906 mortem

1103 1949 1233 2007 obeunt.
1259 1949 1301 2007 80.
1324 1950 1387 2022 306
1409 1972 1438 2028 p.
1463 1952 1496 2008 In
1520 1951 1592 2009 siu.
1613 1921 1827 2010 hurd-ories.
1852 1953 1928 2012 cod.

1103 2069 1131 2111 2.
1149 2070 1199 2126 44.

1189 2159 1240 2216 111.
1263 2159 1471 2228 Eruditiones,
1487 2161 1641 2228 historiae,
1659 2161 1787 2229 fabulae,
1808 2176 1929 2220 senten·

1102 2265 1170 2325 tiae,
1184 2263 1273 2327 dicta,
1287 2262 1375 2329 lacta,
1389 2283 1478 2331 nova,
1492 2278 1606 2331 vetera,
1620 2267 1736 2335 iocosa,
1746 2269 1834 2334 scria,
1845 2271 1928 2337 mira,

1102 2366 1243 2435 inaudita,
1261 2366 1384 2437 urbana,
1398 2372 1519 2427 rustica.
1541 2369 1729 2427 Miscellania
1746 2390 1812 2428 cum
1830 2373 1929 2431 indice

1103 2476 1303 2530 materiarum.
1321 2480 1364 2547 4⁰.
1382 2473 1445 2547 406
1461 2494 1491 2550 p.
1508 2474 1583 2532 Ibid.
1602 2491 1630 2532 2.
1653 2474 1699 2532 18.

1189 2579 1239 2636 IV.
1256 2579 1491 2637 Exhortationes
1508 2579 1549 2636 80
1564 2579 1602 2636 ad
1619 2593 1799 2637 conventum
1811 2581 1947 2657 Muren-¹

1102 2700 1175 2749 sem,
1193 2685 1338 2740 moniales
1355 2684 1506 2740 Hermetis
1522 2683 1621 2749 villae,
1644 2683 1680 2739 ad
1697 2687 1839 2751 novitios,
1856 2704 1928 2743 neo·

1103 2786 1270 2863 professos,
1290 2803 1306 2844 2
1325 2789 1383 2844 vol.
1402 2794 1444 2859 4⁰.
1461 2802 1524 2862 570
1541 2808 1571 2864 p.
1588 2787 1664 2845 Ibid.
1683 2804 1712 2846 2.
1734 2804 1780 2862 19,
1799 2804 1849 2846 20.

1189 2891 1224 2948 V.
1249 2890 1410 2948 Sermones
1431 2892 1469 2947 ad
1489 2893 1630 2968 populum
1655 2895 1683 2948 in
1705 2893 1805 2967 lingua
1821 2911 1928 2950 verna·

1102 2997 1167 3052 cula
1191 3011 1241 3069 52.
1267 2995 1341 3053 Ibid.
1365 2996 1440 3054 Cod.
1463 3013 1487 3053 1.
1511 3011 1578 3070 109.
1603 2998 1684 3054 Inter
1704 2998 1760 3055 hos
1781 3000 1929 3054 invenitur

1101 3120 1201 3158 sermo
1218 3102 1246 3157 in
1263 3103 1399 3177 primitiis
1418 3102 1517 3158 fratris
1534 3104 1578 3158 sui
1593 3102 1735 3159 Germani
1752 3115 1859 3178 postea
1875 3100 1928 3158 ab·

1100 3202 1179 3261 batis
1196 3205 1416 3261 Rhenoviensis
1432 3207 1575 3262 Bernardi
1593 3206 1644 3262 Ill.

1186 3351 1929 3443 MickLambertus(Scotensis)‚Vien·

1101 3500 1168 3543 nae
1184 3479 1219 3542 in
1235 3481 1382 3542 Austria
1400 3481 1456 3543 die
1474 3481 1704 3560 24.Iun.1763
1721 3491 1836 3563 natus,
1849 3501 1928 3544 cum

1100 3602 1157 3664 die
1175 3605 1224 3664 28.
1243 3600 1322 3666 Oct.
1344 3606 1424 3681 1780
1444 3603 1654 3665 adolescens
1674 3603 1928 3683 septemdecim

1101 3742 1271 3786 annorum
1288 3743 1314 3786 s.
1332 3725 1455 3786 habitu
1472 3733 1569 3787 esset
1584 3725 1738 3805 indutus,
1756 3725 1929 3788 absolutis

1101 3857 1350 3908 sacrosanctae
1366 3848 1566 3929 theologiae
1579 3847 1707 3910 studiis
1720 3849 1927 3911 catechetae

1100 3968 1135 4030 in
1151 3968 1320 4048 parochia
1336 3969 1539 4032 monasterii
1553 3989 1678 4032 munus
1691 3969 1809 4035 subiit.
1823 3971 1928 4034 Votis
2028 4012 2033 4021 ·

1102 4109 1185 4152 vero
1213 4090 1429 4152 sollemniter
1456 4091 1670 4173 nuncupatis
1695 4092 1752 4155 die
1778 4113 1828 4171 ²9·
1852 4092 1927 4156 Iun.

1106 4217 1184 4292 1788
1194 4212 1395 4275 sacerdotio
1405 4212 1637 4295 inauguratus
1647 4225 1702 4276 est
1711 4214 1768 4276 die
1779 4213 1928 4296 15.Aug.

1105 4339 1194 4414 1788.
1208 4334 1320 4397 Paulo
1330 4346 1411 4416 post
1424 4346 1610 4418 neomysta
1623 4346 1836 4416 cooperator
1847 4336 1928 4398 mis·

1100 4477 1160 4521 sus
1170 4467 1225 4520 est
1237 4458 1282 4518 ad
1292 4456 1496 4538 parochiam
1509 4457 1543 4519 in
1553 4456 1765 4540 Eggendorf
1774 4458 1810 4520 in
1824 4459 1927 4540 valle,

1100 4582 1193 4643 unde
1210 4599 1291 4641 mox
1308 4580 1343 4641 in
1357 4580 1608 4641 monasterium
1621 4581 1744 4662 redux,
1762 4581 1876 4644 curati
1892 4592 1928 4644 et

1100 4702 1358 4766 concionatoris
1374 4701 1537 4764 matutini
1553 4703 1790 4781 (1793-1800)
1812 4702 1929 4766 officio

1099 4824 1241 4887 functus
1264 4834 1328 4886 est.
1358 4824 1418 4885 Ad
1440 4826 1534 4905 quod
1558 4823 1762 4905 magisterio
1786 4844 1928 4906 quoque

1100 4945 1311 5009 novitiorum
1328 4956 1505 5026 suscepto,
1529 4964 1607 5008 cum
1628 4945 1721 5008 idem
1742 4946 1928 5010 conciona-

1100 5079 1156 5130 tor
1171 5067 1391 5129 dominicalis
1407 5085 1555 5130 necnon
1569 5067 1743 5130 festivalis
1756 5079 1792 5131 et
1804 5068 1928 5130 biblio-

1101 5189 1278 5252 thecarius
1296 5195 1377 5252 1800
1389 5189 1599 5273 designatus
1613 5199 1718 5272 esset,
1731 5200 1853 5271 partes
1866 5210 1928 5253 eas

1101 5312 1246 5394 egregie
1268 5311 1435 5376 sustinuit
1456 5331 1694 5395 magnamque
1718 5333 1764 5376 ex
1788 5312 1831 5374 iis
1854 5333 1929 5376 mu·

1100 5433 1244 5496 neribus
1260 5433 1401 5497 laudem
1418 5433 1547 5498 retulit.
1568 5433 1677 5497 Anno
1697 5439 1776 5513 1804
1793 5434 1928 5535 primus

1666 5539 1718 5600 38⁸
