4222 6106
862 474 1123 536 —LXI-

118 719 191 762 non
215 701 329 762 solum
353 700 398 760 de
422 699 539 762 causis
562 699 713 780 privatis
743 701 808 762 sed
839 699 946 763 etiam
976 698 1130 781 publicis
1161 710 1198 761 et
1228 697 1442 778 capitalibus
1473 699 1665 761 iudicabat.
1711 697 1752 760 In
1784 697 1860 760 eius

119 847 304 919 potestate
333 848 411 900 erat
438 837 641 900 docentium
670 837 952 919 discentiumque
984 838 1097 899 omnis
1128 836 1248 918 copia,
1280 835 1505 899 academicus
1536 856 1725 918 accensus,
1757 846 1861 918 typo-

117 976 299 1057 graphus,
334 973 516 1055 librarius,
551 994 617 1037 nec
653 995 724 1038 non
760 975 977 1056 amplificata
1014 974 1246 1037 universitate
1283 983 1391 1055 atque
1428 993 1475 1036 ex
1511 975 1681 1036 laicorum
1719 993 1860 1055 quoque

121 1132 271 1175 numero
294 1112 558 1193 professoribus
580 1113 705 1176 accitis
728 1114 852 1176 horum
877 1132 1017 1193 uxores,
1047 1112 1160 1193 liberi,
1191 1111 1313 1174 famuli
1340 1109 1576 1193 famulaeque.
1623 1112 1719 1174 Nulli
1749 1110 1861 1193 magi·

120 1250 252 1312 stratui
275 1249 330 1312 ius
353 1258 432 1312 erat
454 1250 756 1330 comprehendere
781 1250 895 1313 civem
918 1250 1171 1330 academicum,
1195 1250 1263 1312 nisi
1289 1249 1344 1332 „in
1359 1249 1558 1332 flagranti“,
1583 1260 1619 1312 et
1642 1251 1692 1312 sic
1717 1270 1859 1331 quoque

121 1407 237 1469 penes
259 1397 433 1450 rectorem
457 1395 535 1449 erat
557 1389 602 1449 de
625 1407 687 1450 reo
710 1388 889 1451 iudicium.
935 1388 1137 1450 Provocare
1168 1387 1300 1450 licebat
1329 1407 1350 1448 a
1378 1396 1517 1449 rectore
1545 1388 1592 1449 ad
1619 1388 1861 1450 academicum

121 1535 298 1606 senatum,
322 1510 563 1606 professorum
587 1522 866 1607 universitatem,
890 1527 972 1588 inde
996 1528 1042 1589 ad
1065 1525 1383 1607 archiepiscopum.
1415 1525 1574 1608 Insignia
1589 1527 1738 1589 rectoris
1759 1538 1861 1591 erant

120 1664 259 1726 mitella
281 1663 481 1725 holoserica
508 1663 621 1725 instar
644 1665 815 1727 abbatum
845 1672 954 1745 atque
986 1674 1183 1745 sceptrum,
1215 1666 1310 1745 quod
1340 1664 1377 1726 in
1409 1665 1550 1746 pompis
1580 1664 1860 1745 praeferebatur.

120 1801 312 1883 Dignitate
335 1801 488 1881 proximi
512 1812 613 1865 erant
636 1812 821 1882 protector
844 1810 881 1863 et
903 1801 1212 1883 procancellarius,
1242 1801 1341 1863 cuius
1365 1812 1442 1864 erat
1470 1802 1563 1864 tueri
1593 1801 1671 1863 iura
1694 1812 1730 1865 et
1753 1802 1860 1883 privi·
1912 1776 1913 1780 Ἰ

119 1939 220 2020 legia
243 1938 486 2002 universitatis
509 1949 618 2020 atque
641 1939 676 2002 in
700 1939 945 2019 facultatibus,
978 1958 1069 2019 quae
1098 1949 1171 2001 tres
1200 1950 1315 2020 erant,
1344 1940 1545 2002 licentiatos
1572 1939 1793 2020 renuntiare,
1825 1952 1861 2002 et

121 2075 265 2137 decani.
308 2075 397 2138 Tres
420 2074 611 2139 facultates
638 2076 822 2138 habebant
845 2095 910 2137 sua
934 2095 1097 2156 quaeque
1122 2085 1257 2138 statuta
1280 2096 1452 2157 suamque
1476 2096 1595 2140 arcam
1619 2077 1860 2158 nummariam,

121 2212 395 2294 philosophicae
411 2222 447 2276 et
463 2212 688 2295 theologicae
705 2213 899 2275 communis
923 2223 1000 2275 erat
1016 2232 1109 2293 arca,
1134 2232 1180 2274 ex
1197 2232 1268 2293 qua
1284 2223 1448 2293 sumptus
1464 2214 1694 2276 sollemnibus
1709 2215 1859 2297 agendis

121 2350 460 2432 suppeditabantur.

254 2487 362 2549 Vitae
386 2498 464 2550 erat
486 2508 623 2550 summa
646 2488 812 2551 alacritas
835 2496 943 2569 atque
967 2487 1136 2550 hilaritas.
1175 2487 1358 2549 Interdum
1382 2487 1418 2549 in
1442 2489 1568 2569 amplis
1592 2489 1708 2552 Aulae
1732 2489 1859 2570 spatiis

119 2645 255 2708 magno
279 2625 498 2688 audientium
523 2645 697 2688 concursu
726 2627 770 2687 de
797 2627 905 2687 rebus
933 2624 1183 2686 diversissimis
1209 2624 1376 2705 publicae
1407 2626 1668 2706 disputationes
1699 2627 1860 2691 institue·

118 2767 265 2845 bantur,
288 2764 324 2826 in
347 2763 477 2846 quibus
499 2784 570 2828 non
593 2765 706 2826 solum
730 2784 861 2845 magna
884 2764 1067 2846 doctrinae
1083 2762 1137 2825 vis
1153 2764 1219 2825 sed
1235 2763 1343 2825 etiam
1359 2783 1496 2825 summa
1513 2784 1597 2826 cura
1613 2785 1655 2827 ac
1672 2765 1860 2847 diligentia

117 2903 334 2984 apparebat.
380 2902 482 2984 Nam,
506 2912 545 2965 ut
568 2902 618 2965 ait
640 2903 949 2984 historiographus
973 2901 1226 2982 universitatis,
1251 2901 1369 2984 „nicht
1392 2902 1593 2966 ideenloses
1614 2904 1860 2967 Brotstudium

119 3062 198 3103 war
222 3041 282 3103 die
305 3018 485 3123 Aufgabe,
506 3042 664 3111 sondern
688 3059 727 3102 es
751 3040 827 3122 galt
851 3041 914 3102 der
936 3041 1070 3102 hehren
1094 3040 1359 3102 Wissenschaft
1382 3041 1435 3102 als
1459 3041 1630 3103 solcher“.

255 3178 475 3242 Adiumento
504 3188 582 3241 erat
612 3178 771 3241 discendi
803 3178 944 3258 cupidis
975 3178 1190 3240 bibliotheca
1221 3198 1352 3260 magna
1382 3178 1551 3239 librorum
1586 3178 1690 3259 copia
1725 3189 1860 3261 ornata,

116 3336 240 3379 rerum
271 3316 483 3380 naturalium
510 3316 961 3397 atque'instrumentorum
991 3316 1218 3398 physicorum
1250 3316 1413 3379 collectio
1445 3317 1631 3379 uberrima.
1679 3317 1858 3398 Quantum

117 3454 235 3517 fuerit
256 3454 453 3516 studiorum
477 3463 667 3536 certamen,
691 3453 852 3534 inprimis
876 3474 922 3516 ex
945 3474 1077 3536 magno
1101 3473 1221 3516 eorum
1249 3473 1395 3516 numero
1426 3453 1650 3536 intelligitur,
1680 3456 1741 3536 qui
1769 3456 1862 3519 intra

118 3602 269 3654 centum
300 3611 411 3653 annos
440 3594 679 3672 (1618—1718)
712 3594 846 3675 gradus
876 3592 1100 3655 academicos
1131 3592 1286 3655 assecuti
1317 3602 1408 3654 sunt.
1454 3590 1546 3656 Sunt
1579 3594 1671 3655 enim
1702 3593 1738 3655 in
1768 3595 1860 3675 albo,

119 3730 223 3811 quod
247 3739 376 3791 exacto
399 3730 467 3791 hoc
490 3729 609 3810 spatio
632 3730 783 3810 primum
806 3729 910 3792 simul
930 3741 1038 3811 atque
1058 3730 1217 3793 ultimum
1234 3730 1367 3791 editum
1384 3739 1440 3792 est
1456 3735 1538 3793 3862
1557 3732 1861 3812 baccalaureatus,

120 3873 209 3944 2452
237 3867 454 3949 magisteria,
483 3887 541 3947 ¹79
566 3869 771 3930 doctoratus
787 3871 820 3948 ¹).

256 4004 344 4067 Cum
379 4025 515 4068 summa
548 4005 690 4068 floreret
731 4006 927 4069 litterarum
964 4005 1060 4068 fama
1096 4007 1223 4089 „Alma
1257 4014 1370 4068 mater
1404 4006 1718 4070 Benedictinorum
1753 4008 1862 4071 Salis·

117 4141 348 4224 burgensis“,
379 4163 510 4226 magna
542 4152 620 4206 erat
651 4145 853 4207 auditorum
885 4144 1084 4207 celebritas.
1130 4143 1209 4206 Non
1244 4145 1357 4206 solum
1389 4164 1410 4206 a
1443 4145 1757 4209 Benedictinorum
1788 4147 1863 4210 fere

117 4281 290 4345 omnibus
312 4282 547 4363 monasteriis,
573 4303 663 4364 quae
687 4293 789 4345 erant
807 4283 842 4345 in
860 4282 1061 4364 Germania,
1078 4282 1235 4361 Austria,
1253 4281 1436 4361 Bohemia,
1453 4283 1649 4365 Hungaria,
1673 4285 1862 4348 sedetiam

117 4420 275 4482 aliorum
306 4419 468 4482 ordinum
501 4420 633 4501 clerici,
664 4429 704 4483 ut
727 4420 1021 4502 Augustinorum,
1053 4419 1357 4501 Cisterciensium,
1381 4421 1796 4505 Praemonstratensium,
1827 4424 1864 4486 in

118 4560 218 4621 hanc
242 4568 488 4622 convenerunt
510 4560 788 4623 universitatem.
826 4559 981 4642 Magnus
1005 4560 1112 4622 etiam
1136 4559 1306 4622 nobilium
1330 4571 1408 4621 erat
1431 4578 1612 4639 numerus,
1640 4579 1707 4622 nec
1737 4562 1866 4623 desunt

117 4698 158 4759 in
184 4696 383 4758 matriculis
399 4697 625 4779 theologicae
641 4708 677 4760 et
693 4698 863 4760 iuridicae
887 4698 1067 4760 facultatis
1083 4698 1224 4760 nomina
1241 4697 1488 4778 illustrissima,
1510 4706 1549 4759 ut
1565 4697 1719 4779 Attems,
1733 4698 1866 4760 Auers-

120 4854 231 4917 perg,
257 4835 465 4917 Batthyani,
489 4835 653 4917 Brandis,
678 4836 879 4919 Bissingen,
905 4835 1069 4916 Cobenzl,
1098 4836 1246 4918 Colalto,
1271 4836 1467 4916 Collored0,
1492 4833 1668 4915 Coronini,
1692 4834 1866 4898 Dietrich·

286 5069 307 5151 ¹)
332 5072 474 5146 Longum
499 5084 555 5136 est,
579 5091 755 5129 enumerare
780 5092 883 5129 eorum
909 5076 1038 5140 nomina,
1064 5076 1114 5147 qui
1138 5072 1304 5129 litterarum
1330 5073 1407 5128 fama
1423 5074 1600 5128 enituerant.
1633 5074 1867 5131 Emonasteriis

121 5197 220 5240 extra
244 5183 318 5239 fines
343 5186 462 5260 imperii
485 5183 637 5240 Austriaci
661 5187 726 5240 sitis
750 5185 778 5240 hi
797 5198 898 5242 erant:
923 5185 1114 5242 Coelestinus
1137 5183 1291 5240 Siondrati
1315 5183 1536 5258 Sangallensis,
1565 5186 1616 5258 qui
1639 5199 1747 5261 postea
1771 5189 1868 5244 cardi·

123 5296 209 5353 nalis
234 5293 332 5351 lactus
356 5308 412 5363 est,
437 5296 610 5352 Bernardus
633 5295 752 5364 Stuart‚
781 5316 805 5353 s.
831 5295 934 5353 lacobi
958 5293 1203 5362 Ratisbonensis,
1226 5297 1273 5352 vir
1294 5297 1324 5352 in
1348 5293 1439 5352 rebus
1462 5296 1679 5355 mathematicis
1710 5312 1740 5355 et
1769 5302 1867 5358 archi·

126 5407 296 5463 tectonicis
320 5408 529 5482 peritissimus,
554 5405 755 5464 Corbinianus
780 5408 915 5464 Thomas
938 5406 1160 5479 Eichingensis‚
1184 5407 1241 5463 alii.
